3742 5364
707 365 766 427 105
1131 362 1380 428 vtus=tssat

120 546 286 612 Fondiire
304 544 408 609 abrof
425 544 487 608 trif
505 544 578 610 fetu
592 519 776 611 herieimiA
800 551 835 607 In
858 551 981 608 fontulis
1009 569 1101 627 apros
1129 553 1181 610 tris
1209 553 1303 610 facito
1331 554 1378 610 vel

79 756 207 812 formam
230 750 408 831 (adsumpto
431 754 561 810 termino
577 749 839 831 quadrangulam)
870 772 1002 828 eumque
1035 756 1124 813 situm
1147 757 1282 813 locorum
1306 773 1378 812 con·

79 857 185 927 cludo,
208 866 241 911 ut
264 854 336 931 tras
348 853 448 909 sodale
470 854 521 927 qui
538 863 608 920 stat,
633 863 753 927 atergo
773 841 915 910 ‘rubertum
931 855 1045 911 habeat
1061 875 1098 911 ex
1115 857 1238 930 obliquo
1261 856 1380 930 prospi-

42 1008 45 1012 .
79 958 163 1014 ciens
186 975 256 1014 eum
279 956 379 1012 locum
402 973 463 1029 quo
486 954 667 1012 sacrificavit
688 956 828 1029 primum,
855 955 925 1012 huic
947 965 1049 1014 autem
1071 957 1180 1013 rubt'na
1204 958 1268 1014 fere
1292 976 1308 1013 e
1331 974 1378 1012 re·

78 1060 172 1132 gione
195 1059 242 1114 sit.
277 1058 338 1115 iam
357 1055 474 1112 Tursae
491 1057 633 1129 quoniam
656 1063 704 1112 tra
720 1057 820 1113 saltate
841 1057 884 1130 fit,
907 1058 966 1114 hoc
982 1066 1030 1114 est
1049 1058 1124 1114 illud
1145 1057 1248 1135 lefrom
1266 1059 1381 1115 Tursur

78 1177 116 1214 ex
133 1177 192 1233 quo
211 1160 300 1215 deam
316 1158 503 1232 comprecati
518 1158 628 1214 flamen
644 1159 831 1232 comitesque
848 1158 953 1233 fugare
969 1160 1112 1216 iuvencas
1128 1161 1269 1217 iubentur
1278 1159 1377 1216 VIIA

77 1263 118 1318 46
131 1269 163 1316 et
176 1262 224 1318 51.
267 1278 303 1317 ac
326 1260 437 1315 flamen
459 1260 583 1332 quidem
597 1267 683 1331 super
704 1259 806 1315 kumne
821 1260 917 1333 agitat
932 1260 948 1317 I
961 1260 984 1316 B
998 1262 1036 1318 41
1060 1261 1093 1316 id
1115 1269 1162 1317 est
1186 1279 1278 1335 supra
1300 1279 1374 1317 con·

78 1361 260 1428 ciliabulum‚
282 1377 337 1435 pro
356 1359 479 1417 comitio
497 1355 579 1432 (vide
591 1355 693 1437 pas),
716 1361 764 1416 cui
782 1360 850 1416 loco
867 1361 1041 1435 oppositum
1057 1369 1105 1417 est
1121 1361 1218 1419 forum
1234 1361 1378 1432 infimum,

75 1462 166 1518 hatra
180 1459 264 1537 fura
281 1461 384 1519 1342
408 1461 466 1516 Vll
483 1463 509 1516 A
527 1463 574 1536 52,
598 1463 703 1535 itaque
725 1462 879 1535 pelluntur
902 1463 1124 1537 capiunturque
1145 1462 1265 1519 hostiae
1280 1464 1311 1519 in
1327 1481 1380 1520 co·

76 1565 163 1620 mitio
180 1572 211 1620 et
227 1563 304 1632 foro,
328 1565 499 1621 caeduntur
514 1571 617 1619 autem
633 1563 664 1618 in
680 1563 855 1636 Aquilonia,
873 1565 958 1638 quod
973 1582 1087 1620 nomen
1102 1582 1165 1621 non
1181 1573 1265 1621 esset
1281 1566 1378 1638 adpo·

77 1666 170 1723 situm
192 1666 205 1722 Ι
221 1666 244 1722 Β
260 1668 300 1724 43
318 1674 349 1722 et
365 1665 424 1721 VH
440 1666 465 1721 A
482 1667 532 1732 52,
555 1664 612 1720 nisi
629 1665 782 1721 diversum
798 1665 836 1721 ab
853 1665 1015 1737 Aquilonia
1031 1675 1062 1722 et
1078 1666 1263 1722 disiunctum
1280 1665 1377 1722 forum

78 1767 195 1824 fuisset.
239 1784 342 1822 verum
366 1775 468 1822 tamen
491 1765 619 1822 alterum
641 1783 708 1821 cum
732 1766 829 1822 altera
852 1766 938 1838 quasi
961 1766 1107 1822 cohaeret
1124 1775 1156 1822 et
1171 1767 1222 1822 ubi
1244 1766 1323 1822 inter
1345 1783 1378 1823 se
1447 1814 1458 1827 .

77 1869 271 1942 contingunt,
295 1868 336 1922 ibi
359 1876 406 1923 est
431 1873 477 1922 tra
498 1866 606 1924 sainte.
644 1875 767 1941 praeter
781 1866 858 1923 haec
876 1868 916 1922 de
936 1868 1026 1923 trium
1049 1866 1184 1924 locorum
1201 1867 1378 1923 nominibus

76 1971 125 2024 vix
151 1970 318 2044 quidquam
341 1969 444 2026 audeo
467 1967 637 2026 adfirmare.
681 1986 754 2024 nam
786 1969 810 2024 si
834 1968 970 2041 Argileto
1004 1968 1107 2024 aliisve
1140 1969 1221 2024 urbis
1254 1968 1373 2024 Romae

76 2070 252 2143 regionibus
275 2087 355 2144 quae
380 2087 474 2126 causa
499 2071 536 2126 sit
559 2069 690 2126 nominis
714 2069 798 2126 haud
820 2070 908 2126 facile
932 2070 1116 2143 exploratur,
1150 2087 1216 2124 cum
1251 2069 1374 2142 linguae

77 2181 180 2228 tamen
205 2171 318 2226 latinae
339 2171 453 2227 idonea
475 2172 565 2227 nobis
587 2172 697 2227 notitia
720 2179 875 2246 suppetat,
908 2181 1024 2244 quanto
1059 2179 1107 2226 est
1135 2170 1285 2226 difficilius
1309 2187 1374 2225 um·

77 2273 231 2329 hricorum
255 2273 391 2328 locorum
413 2283 515 2346 etyma
540 2274 687 2331 enodare.
725 2270 863 2348 fondlire
897 2291 995 2346 aequo
1029 2274 1094 2329 iure
1125 2271 1317 2345 interpretari
1346 2271 1377 2326 in

66 2373 216 2452 fundulis
236 2381 268 2429 et
291 2374 321 2428 z'n
335 2372 498 2449 fonticulis
519 2374 601 2430 licet.
647 2375 676 2429 in
701 2374 817 2448 oppido
841 2374 938 2430 Varro
963 2374 981 2431 l.
998 2374 1049 2430 lat.
1068 2373 1168 2446 vrrs
1193 2373 1275 2428 vicos
1293 2390 1311 2428 a
1328 2372 1376 2428 via

77 2476 179 2531 dictos
204 2475 255 2541 ait,
284 2473 425 2530 lundulas
449 2493 466 2530 a
488 2475 584 2530 fundo
609 2477 693 2549 quod
718 2475 830 2530 exitum
854 2492 916 2530 non
940 2474 1074 2530 habeant
1099 2493 1135 2530 ac
1157 2474 1292 2548 pervium
1315 2491 1379 2528 non
1460 2481 1463 2486 '

78 2578 127 2635 sit.
170 2583 201 2631 at
224 2575 553 2631 fontium’memoriam
578 2594 645 2632 cum
669 2576 833 2633 sanctitate
857 2576 980 2644 cultam,
1004 2584 1038 2631 ut
1061 2576 1152 2631 verba
1167 2575 1306 2630 Frontini
1330 2593 1377 2630 re-

76 2685 181 2751 petam
204 2677 257 2748 (de
280 2677 367 2749 aquis
389 2676 458 2749 14),
480 2677 666 2733 Fontanalia
686 2678 849 2733 adstruunt
866 2686 896 2733 et
912 2679 953 2733 ad
969 2695 1112 2750 campum
1128 2676 1271 2732 Martium
1286 2684 1377 2750 porta

77 2777 248 2833 Fontinalis
272 2786 303 2832 et
325 2776 354 2831 in
372 2794 482 2850 campo
500 2776 568 2833 fons
588 2775 667 2842 Cati,
690 2778 721 2833 in
737 2777 803 2833 foro
819 2779 902 2833 lacus
919 2777 1072 2835 Iuturnae.
1106 2775 1254 2832 Parilibus
1270 2786 1379 2850 pastor

77 2896 152 2935 oves
175 2880 305 2934 lustrans
329 2878 420 2933 deam
443 2886 588 2951 precatur
607 2885 639 2933 ut
663 2877 764 2934 fontes
789 2877 979 2950 fontanaque
1011 2878 1111 2950 placet
1132 2878 1279 2943 numina,
1313 2888 1378 2935 tum

77 2996 201 3054 sparsos
224 2997 279 3052 per
302 2995 410 3034 nemus
434 2996 524 3034 omne
549 2980 625 3034 deos
661 2975 805 3056 (Ovidius
829 2977 899 3037 fast.
924 2977 968 3034 IV
986 2980 1045 3036 757
1068 2977 1133 3051 ss),
1172 2978 1303 3035 lustrans
1326 2998 1379 3036 ex·

78 3081 208 3136 ercitum
232 3081 380 3136 Romulus
403 3082 444 3136 ad
467 3079 605 3154 Capreae
628 3082 773 3154 paludem
804 3080 906 3136 subito
936 3097 1086 3153 nusquam
1120 3080 1291 3154 comparuit
1323 3075 1377 3155 (de

77 3181 147 3237 viris
170 3180 274 3239 illustr.
299 3184 380 3249 213
403 3177 464 3258 al),
497 3200 556 3238 nec
578 3183 684 3239 fluvios
707 3200 765 3238 nec
788 3181 914 3238 frondes
937 3180 1078 3237 Valerius
1111 3181 1316 3255 praetermisit
1345 3181 1375 3236 in

77 3283 259 3338 lustratione
282 3285 528 3356 Argonautarum
551 3282 610 3355 (ΙΙΙ
629 3279 716 3358 435),
740 3301 859 3340 summa
883 3283 1015 3356 denique
1038 3282 1174 3338 fontibus
1198 3299 1234 3337 ac
1256 3280 1376 3338 fluentis

77 3399 147 3439 esse
174 3401 242 3439 cum
265 3384 441 3441 lustratione
474 3385 674 3441 necessitudo
698 3393 826 3459 apparet
849 3383 972 3456 ubique.
1021 3390 1135 3438 erraret
1158 3389 1262 3438 autem
1284 3381 1376 3454 siquis

67 3482 210 3560 fondlz're
232 3485 274 3539 ita
298 3493 429 3541 verteret
452 3485 614 3563 adfantes,
638 3485 698 3542 hoc
713 3485 794 3541 enim
810 3485 835 3540 si
851 3485 1020 3547 voluissent
1040 3482 1220 3556 significare,
1244 3481 1376 3539 Vmbros

78 3585 216 3641 dicturos
240 3585 333 3641 fuisse
347 3585 501 3663 fondlz'sco
525 3589 599 3644 satis
623 3606 678 3662 pro
700 3595 784 3644 certo
801 3587 929 3645 ¹scimus.
964 3586 1057 3640 immo
1081 3585 1299 3659 explicandum
1323 3602 1377 3640 no-

76 3702 148 3740 men
182 3695 229 3741 est
261 3686 301 3741 ad
333 3687 562 3744 similitudinem
593 3690 650 3745 vici
673 3687 871 3745 Atheniensis
903 3682 938 3746 ἐν
963 3681 1093 3759 Λίμναις
1127 3694 1158 3741 et
1194 3685 1378 3759 oppidorum

77 3786 172 3858 Aquis
194 3786 240 3841 vel
264 3783 455 3855 Salz'enlz'bus‚
479 3789 504 3844 si
528 3798 632 3845 tamen
654 3807 672 3844 a
687 3789 781 3845 vfonte
798 3789 962 3844 descendit
977 3805 1014 3844 ac
1030 3805 1092 3842 non
1116 3806 1134 3844 a
1156 3786 1263 3842 fundo.
1298 3786 1376 3842 alter

79 3887 165 3942 locus
188 3887 297 3943 rubine
317 3888 348 3943 in
371 3906 442 3944 aere
459 3889 515 3946 VH
538 3891 686 3967 scribitur,
708 3889 766 3945 inI
788 3890 899 3962 rupina
922 3907 959 3946 ac
974 3889 1069 3946 semel
1091 3888 1210 3963 plenius
1235 3905 1323 3944 versu
1339 3890 1378 3945 27

75 3989 217 4060 rupz'nz'ee.
262 3991 375 4063 pariter
398 4000 517 4048 veteres
541 3992 647 4048 Vmbri
669 3993 764 4048 modo
786 3992 914 4065 spz'nz'am
936 3993 1032 4048 modo
1055 3992 1168 4064 spritum
1192 3990 1323 4046 efferunt
1345 3990 1376 4071 in

75 4090 138 4148 tab.
156 4088 196 4156 ΙΙ,
218 4090 249 4145 in
272 4091 404 4149 Graecia
426 4088 520 4152 κενεά
543 4089 631 4153 κεινά
655 4090 753 4153 κέννα
775 4088 852 4152 κενά
875 4092 925 4148 alii
948 4093 1034 4149 aliter
1056 4098 1219 4156 mutarunt,
1253 4107 1376 4164 prorsus

75 4191 167 4265 periit
188 4191 251 4246 iota
273 4207 448 4248 consonans
470 4192 608 4272 nasalem
624 4192 815 4267 subsequens
836 4193 866 4248 in
885 4193 980 4248 minus
1000 4200 1132 4265 suntque
1150 4191 1201 4265 qui
1218 4191 1379 4263 vestigium
1442 4208 1446 4214 ’

76 4290 218 4346 eiusdem
234 4307 394 4365 superesse
413 4294 542 4350 credant
560 4294 749 4368 productam
771 4295 905 4350 mediam
920 4295 950 4349 in
966 4293 1071 4367 regiam
1087 4291 1256 4348 admodum
1271 4291 1383 4363 proba·

74 4391 184 4461 biliter‚
210 4401 243 4448 ut
258 4395 397 4467 exempla
419 4395 535 4451 docent
556 4395 708 4455 umbrica.
742 4396 876 4453 haesites
900 4403 1003 4452 autem
1024 4401 1094 4450 utra
1109 4392 1207 4447 verior
1222 4390 1261 4446 sit
1283 4389 1382 4446 littera

74 4493 260 4568 propiorque
281 4495 429 4569 originem
453 4495 468 4551 b
488 4515 527 4553 an
543 4505 577 4572 p,
603 4499 808 4559 extenuarint
829 4515 935 4555 vocem
962 4495 1143 4551 vetustiores
1166 4490 1273 4548 Vmbri
1301 4490 1383 4564 rupi·

74 4594 160 4651 niam
182 4595 321 4652 dicentes
343 4614 398 4670 pro
420 4598 537 4657 rubinia
560 4617 579 4656 a
605 4602 717 4672 rubis,
743 4601 824 4659 velut
844 4599 1004 4656 arbitratus
1027 4593 1160 4653 induruit
1180 4593 1213 4650 in
1236 4591 1389 4663 adpatrati

79 4694 207 4762 vam,
232 4715 269 4752 an
292 4699 475 4757 recentiores
495 4711 526 4759 ut
552 4703 689 4774 Iabusco
734 4706 776 4763 ab
809 4701 974 4779 lapudlbus
1005 4706 1123 4754 traxere
1151 4694 1199 4753 ita
1223 4689 1391 4750 concinens

1181 4793 1222 4846 Ἰ*
