3742 5364
237 352 333 410 anl
859 353 897 409 32

236 533 410 599 esunesku
432 550 583 613 vepurus
603 528 729 612 felsval
750 536 856 611 adpu·
871 549 895 586 12
910 537 968 592 cris
1002 554 1072 592 cum
1102 537 1266 611 vepuribus
1300 539 1397 598 felsua
1422 535 1426 620 l
1455 543 1534 600 arbi·

235 636 317 699 trati
350 634 460 696 fratru
489 629 642 693 Atiiediu
676 629 859 713 prehubial
910 644 990 694 tratu
1014 637 1137 694 fratrum
1162 639 1318 697 Atiedium
1340 636 1536 720 praehibeatl

236 748 271 800 et
298 743 477 817 nudpener
509 750 636 814 prever
669 730 763 810 pusti
796 730 857 793 ka·
910 747 941 794 ct
983 738 1180 813 nullipondiis
1221 741 1346 815 singulis
1391 744 1421 800 in
1467 743 1534 800 fun·

235 835 394 918 strumii
909 841 976 899 dos.
994 833 998 916 1

277 939 402 1001 Frater
429 934 602 1000 Atiiediur
639 957 700 999 esu
734 935 857 1016 eitipes
951 941 1072 999 Fratres
1095 942 1210 999 Atiedii
1232 943 1277 1001 ita
1299 961 1446 1001 censuere
1468 945 1534 1019 ple·

235 1148 352 1205 viscera
367 1165 448 1222 quae
469 1146 617 1221 praebere
641 1145 672 1200 in
688 1161 798 1202 cenam
812 1143 966 1200 flaminem
980 1122 1133 1218 oporteat.
1169 1145 1284 1203 deinde
1297 1145 1402 1224 filsea
1425 1146 1532 1203 nescio

235 1269 274 1308 au
297 1249 445 1323 originem
468 1247 590 1304 duxerit
619 1247 702 1302 unde
735 1245 829 1301 latina
852 1244 941 1323 folus
962 1243 1063 1300 helusa
1084 1245 1186 1302 holera
1220 1242 1272 1323 (cf.
1297 1247 1425 1304 Paulum
1447 1248 1533 1304 Festi

233 1352 264 1408 in
277 1351 401 1431 foedum
424 1359 454 1406 et
475 1341 569 1424 belus)
592 1355 853 1420 augmentumque
885 1347 1048 1420 sumpserit
1076 1349 1161 1420 quod
1193 1349 1223 1404 in
1264 1349 1364 1405 latinis
1388 1347 1532 1405 Minerua

235 1455 318 1510 alvos
326 1463 438 1527 parvo,
454 1459 488 1508 ut
503 1449 674 1506 herbariam
691 1447 841 1521 significet
856 1447 988 1521 copiam.
1025 1446 1096 1503 nihil
1117 1451 1243 1524 expedit
1259 1450 1410 1507 reminisci
1426 1450 1533 1506 Iovem

235 1555 408 1611 Felvennem
431 1559 588 1627 repertum
622 1551 653 1606 in
682 1566 756 1623 agro
780 1547 953 1605 Veronensi
986 1556 1039 1604 aut
1062 1549 1225 1606 obscurum
1258 1569 1370 1607 nomen
1404 1552 1433 1607 in
1464 1552 1532 1625 lege

234 1656 321 1713 aedis
340 1654 497 1711 Furieusis
520 1653 666 1726 scriptum
693 1649 767 1709 CIL.
791 1648 804 1704 1
829 1650 900 1716 603,
926 1651 962 1707 15
983 1651 1079 1706 vez'cus
1094 1650 1183 1728 Furf
1207 1653 1275 1711 mai.
1291 1660 1368 1725 pars
1382 1649 1534 1728 fiseltnres

235 1774 296 1831 quo
314 1757 382 1812 'non
405 1756 495 1812 video
527 1755 579 1828 qui
601 1753 757 1829 potuerint
787 1750 943 1824 designari
974 1751 1032 1806 nisi
1054 1769 1208 1808 sacrorum
1235 1770 1328 1809 causa
1352 1754 1533 1828 congregati

235 1857 344 1916 vicani.
378 1857 482 1936 felsva
513 1854 645 1911 antehac
671 1853 811 1910 licentius
835 1852 1051 1925 interpretatus
1077 1853 1164 1926 quasi
1187 1854 1292 1912 viridia
1314 1871 1369 1929 pro
1392 1850 1543 1910 verbenis'

235 1975 426 2032 acceperam,
458 1976 497 2013 ne
520 1956 719 2030 operantibus
751 1953 892 2009 iratribus
920 1953 1043 2026 arisque
1077 1952 1202 2011 frondes
1240 1955 1338 2012 festae
1373 1958 1531 2022 deessent,

234 2059 413 2133 praesertim
436 2076 504 2115 cum
537 2057 568 2113 in
591 2056 805 2130 Lampsaceno
837 2053 924 2109 titulo
953 2051 1032 2112 ClG.
1057 2049 1164 2122 3641b‚
1189 2058 1227 2113 20
1252 2057 1395 2113 vidissem
1429 2074 1531 2113 sacer·

234 2161 339 2217 dotem
372 2160 469 2217 iuberi
502 2160 576 2215 dare
611 2158 729 2214 laurum
763 2154 942 2228 aeriumque
975 2155 1006 2209 in
1031 2172 1170 2212 coronas.
1216 2174 1297 2212 nunc
1331 2158 1428 2231 ipsam
1449 2157 1532 2214 illam

233 2263 351 2318 retineo
374 2260 604 2317 holusculorum
634 2256 898 2332 significationem,
934 2255 1047 2329 quippe
1077 2274 1157 2330 quae
1186 2256 1271 2314 haud
1302 2258 1436 2315 absurde
1470 2275 1532 2314 una

234 2381 303 2419 cum
326 2362 490 2420 visceribus
523 2368 717 2436 praestentur
738 2357 914 2433 epulaturis,
959 2358 1097 2414 medicus
1122 2359 1273 2416 Siccensis
1296 2353 1453 2433 ‘tempore'
1485 2359 1531 2414 in-

235 2466 298 2539 quit
320 2460 391 2538 ‘quo
424 2464 551 2538 porcina
575 2471 702 2525 utemur,
737 2469 826 2515 erunt
854 2459 946 2515 etiam
969 2458 1053 2515 olera
1076 2455 1244 2517 offerenda’
1267 2457 1402 2535 (Caelius
1425 2460 1529 2518 chron.

234 2564 293 2632 11,
310 2561 372 2638 27).
404 2563 586 2621 vocabulum
608 2569 712 2636 potest
732 2559 908 2617 femininum
931 2576 1008 2627 esse,
1030 2568 1134 2634 potest
1154 2560 1356 2617 multitudinis
1379 2569 1529 2619 neutrum.
1617 2621 1620 2625 ,

234 2666 290 2720 sed
312 2665 396 2738 quod
428 2665 554 2720 additur
586 2660 856 2739 adpulratisralru
880 2660 1018 2727 Alti'edz'n,
1053 2663 1228 2718 necessario
1251 2662 1332 2720 hanc
1354 2663 1413 2718 vim
1435 2663 1530 2721 habet

233 2775 267 2822 ut
298 2766 377 2822 illius
409 2766 454 2822 rei
486 2773 606 2822 tantum
628 2765 772 2820 debuisse
808 2770 965 2836 praestare
988 2761 1141 2818 flaminem
1174 2763 1351 2838 colligamus
1381 2771 1530 2839 quantum
1592 2832 1597 2839 ι

234 2866 341 2922 fratres
364 2867 513 2941 praestari
536 2866 694 2924 voluerint.
734 2881 808 2938 ergo
832 2881 871 2919 ne
894 2863 1056 2919 arbitratus
1078 2864 1126 2919 ille
1149 2867 1191 2921 ad
1213 2865 1337 2922 nihilum
1360 2866 1528 2939 redigatur,

234 2985 308 3024 cave
330 2969 492 3041 liudpenum
510 2984 597 3022 versu
615 2969 653 3024 13
680 2966 797 3021 dictum
812 2972 901 3037 putes
917 2964 1044 3020 modum
1059 2982 1270 3022 mensuramve
1288 2965 1415 3034 iclsuae,
1438 2969 1530 3023 immo

233 3069 314 3126 enim
346 3071 477 3144 pretium
500 3068 614 3126 habeto
638 3068 723 3143 quod
756 3085 811 3141 pro
834 3084 872 3124 ea
894 3085 926 3124 re
949 3067 1062 3124 flamini
1084 3069 1191 3125 fratres
1225 3069 1344 3125 solvere
1367 3069 1530 3125 debuerint

232 3180 316 3227 certe
350 3171 502 3246 exiguum.
546 3172 674 3243 nudpens
696 3171 738 3225 ad
775 3169 905 3226 litteram
939 3170 963 3226 si
996 3171 1213 3244 interpretaris,
1247 3171 1436 3244 nullipendas
1471 3179 1528 3228 est.

230 3272 358 3328 alteram
381 3273 563 3346 particulam
579 3289 671 3346 quam
687 3270 815 3327 similem
837 3271 959 3327 reddidi
983 3271 1161 3346 assipondio
1184 3281 1216 3328 et
1233 3273 1394 3347 dupondio
1416 3272 1527 3340 latinis,

232 3373 312 3429 Galli
335 3391 458 3448 quoque
481 3375 623 3430 videntur
645 3371 830 3443 adhibuisse,
858 3389 928 3428 cum
951 3374 1166 3446 semiiugerum
1190 3382 1358 3447 arenearum
1382 3381 1530 3429 vocarent

232 3469 415 3549 (Columella
438 3474 505 3533 Vl
539 3474 700 3549 gromatici
727 3491 756 3547 p.
780 3475 850 3544 372,
876 3475 913 3532 17
936 3471 1149 3548 Lachmanni)‚
1187 3476 1286 3531 minus
1318 3482 1401 3531 certa
1435 3474 1530 3548 partis

231 3573 337 3648 prioris
359 3574 445 3648 origo
458 3583 515 3643 est,
538 3576 594 3631 sed
616 3592 720 3650 neque
741 3574 1009 3647 grammaticanos
1032 3582 1116 3631 vetat
1143 3576 1258 3631 nullum
1282 3575 1432 3650 accipere,
1459 3575 1530 3632 vide

208 3657 211 3661 ⁵
232 3676 316 3750 quod
338 3694 408 3732 mox
432 3676 593 3750 explicabo
614 3676 739 3732 verbum
760 3677 835 3731 sudu
856 3693 970 3744 coruom,
997 3693 1100 3749 neque
1124 3693 1177 3732 aes
1198 3695 1290 3751 grave
1306 3677 1378 3733 olim
1399 3694 1529 3751 pensum

232 3794 268 3834 ac
293 3795 357 3834 nou
379 3785 572 3834 numeratum
594 3785 648 3835 aut
676 3794 868 3834 nummorum
897 3776 1022 3833 nomina
1044 3777 1170 3832 solidum
1193 3786 1224 3834 et
1247 3774 1365 3838 λεπτὸν
1388 3777 1435 3833 vel
1459 3792 1530 3851 κερ·

232 3872 344 3952 μάτιον
366 3880 580 3953 reputantibus
608 3880 787 3936 incredibile
810 3878 962 3935 videbitur
983 3878 1132 3935 minutum
1156 3887 1277 3953 praeter
1299 3888 1418 3936 ceteros
1441 3896 1531 3934 num·

230 3996 313 4035 mum
345 3997 384 4036 ex
407 3998 444 4036 ea
477 3998 509 4036 re
541 3999 611 4038 esse
636 3989 778 4038 vocatum
800 3979 885 4054 quod
908 3980 1019 4036 nullius
1041 3980 1187 4054 ponderis
1211 3979 1309 4039 luerit.
1354 3980 1468 4055 syllaba
1498 3979 1529 4034 in

231 4083 378 4155 nudpener
392 4091 529 4140 extrema
544 4097 614 4140 cum
635 4091 668 4139 et
689 4083 833 4156 genetivo
855 4082 931 4155 sing.
949 4083 1112 4139 conveniat
1125 4090 1156 4139 et
1179 4082 1312 4140 ablativo
1335 4082 1423 4156 plur,
1445 4079 1528 4136 hunc

185 4207 188 4213 ⁴
232 4198 336 4239 casum
360 4183 453 4239 statui
483 4192 606 4258 oportet
633 4201 672 4239 ex
694 4183 763 4257 lege
785 4182 919 4256 syntaxis
945 4183 1066 4250 latinae,
1091 4201 1149 4240 nec
1171 4201 1259 4240 versu
1283 4185 1320 4241 17
1345 4201 1385 4241 ss
1407 4183 1459 4239 ubi
1481 4199 1528 4238 re·

230 4285 437 4341 munerandus
453 4285 564 4342 flamen
587 4285 697 4341 dicitur
719 4302 821 4339 neemer
834 4291 944 4356 prever
966 4285 1002 4342 al.
1026 4285 1190 4342 ablativum
1212 4293 1261 4341 est
1283 4302 1336 4341 cur
1357 4285 1526 4353 reiciamus‚

231 4382 288 4438 etsi
304 4382 405 4440 Latini
426 4386 604 4458 plerumque
625 4401 684 4440 nec
706 4383 765 4440 hoc
788 4402 846 4440 nec
864 4385 915 4441 illo
928 4393 1055 4441 utuntur
1070 4386 1211 4442 dicentes
1229 4387 1380 4442 mercedem
1405 4387 1531 4459 accipiat

231 4499 367 4543 nummos.
407 4478 517 4560 ‘privos
540 4485 701 4559 privasque
724 4485 840 4560 antiqui
864 4486 1009 4542 dicebant
1030 4503 1086 4561 pro
1111 4481 1246 4561 singulis'
1272 4487 1384 4545 Paulus
1401 4489 1444 4557 F,
1467 4487 1529 4544 Lu·

231 4583 317 4640 cilius
350 4579 520 4644 ‘culcitulae
543 4588 698 4642 accedunt
728 4587 830 4662 privae
854 4587 1033 4644 centonibus
1057 4583 1153 4648 binis'.
1197 4588 1316 4644 Romae
1349 4590 1380 4645 in
1412 4590 1528 4664 templo

231 4684 334 4760 aliquo
357 4687 562 4743 sacrificantes
584 4686 697 4743 flamini
721 4689 838 4744 solvere
868 4688 1025 4745 debebant
1051 4698 1110 4762 pro
1132 4691 1275 4764 sanguine
1297 4690 1437 4748 animalis
1460 4691 1528 4765 plus
