3742 5364
239 343 304 401 VIB
315 345 354 402 24
369 342 450 400 1t29
870 332 908 390 76

240 541 334 583 rsom
356 519 437 581 fetu.
468 516 603 598 capirse
626 534 729 594 perso
753 522 863 583 osatu,
916 515 998 570 illum
1021 513 1124 572 sacito.
1160 514 1262 588 capidi
1290 514 1405 571 [ossam
1435 513 1546 581 facito,

241 643 318 684 earn
352 619 444 681 mani
474 620 624 690 inertru
656 615 773 686 tenitu,
810 632 986 681 arsaseam
1009 634 1101 672 manu
1128 612 1137 681 l
1160 616 1282 672 sinistra
1298 623 1414 682 teneto,
1437 616 1548 673 donec

240 839 326 889 σανα
345 823 471 902 ὄρυγμα
494 825 529 888 ἐν
552 822 578 905 ᾧ
601 823 679 899 τοὺς
702 820 739 898 ὑς
764 821 929 899 βυθίζουσι
951 819 1118 896 (Aristoph.
1143 822 1300 895 Eq.1236
1328 819 1423 877 schol.
1442 818 1547 896 Hesy-

240 925 347 1006 chius).
384 930 425 985 ad
440 947 603 1004 personam
619 935 846 1002 personamque
862 925 968 998 nequis
990 932 1095 998 aptare
1112 924 1237 979 studeat
1252 932 1442 996 persontros‚
1466 923 1548 979 satis

240 1031 349 1106 opinor
380 1030 424 1086 eis
457 1038 578 1086 cautum
606 1037 654 1084 cst
677 1045 755 1101 quae
778 1029 818 1083 de
842 1034 1056 1100 vempesoutra
1079 1041 1170 1080 carne
1194 1024 1272 1091 dixi,
1307 1024 1399 1079 immo
1421 1041 1441 1079 a
1456 1031 1547 1096 pers-

239 1149 308 1188 eum
329 1131 478 1188 umbricas
500 1130 685 1205 propagines
717 1129 782 1184 illas
818 1136 882 1183 tum
911 1127 1038 1183 latinum
1065 1135 1172 1199 repeto
1198 1125 1353 1198 persillum
1379 1127 1464 1199 quod
1487 1144 1548 1183 un·

239 1241 355 1306 guento
389 1249 476 1288 sacro
510 1249 625 1288 nomen
652 1230 706 1286 fuit
730 1230 815 1286 inlito
848 1230 938 1284 armis
973 1228 1089 1298 Quirini
1113 1247 1131 1283 a
1154 1228 1275 1285 flamine
1300 1227 1465 1286 Portunali.
1514 1234 1547 1283 et

240 1351 308 1391 cum
333 1339 492 1407 pesuntrus
513 1351 552 1389 eo
575 1333 702 1389 consilio
726 1333 773 1387 dis
797 1331 909 1387 dentur
931 1338 973 1397 ut,
997 1329 1141 1385 siminus
1164 1328 1266 1402 primis
1289 1328 1397 1385 hostiis
1421 1328 1546 1385 litatum

240 1436 287 1503 sit,
322 1437 381 1493 iam
405 1435 479 1492 satis
503 1434 555 1492 liat
577 1435 718 1502 omnino,
742 1433 908 1508 postularia
931 1431 1054 1488 fulmina
1079 1432 1124 1487 vol
1155 1431 1359 1504 postulatoria
1380 1448 1546 1503 compara·

240 1537 355 1605 bimus,
387 1537 494 1610 quibus
526 1535 619 1592 Tusci
652 1535 777 1591 aiebant
805 1534 953 1592 sacrificia
986 1533 1158 1590 intermissa
1191 1540 1242 1588 aut
1275 1550 1337 1589 non
1370 1532 1428 1588 rite
1459 1530 1546 1589 lacta

239 1639 337 1713 repeti
372 1637 505 1711 (Seneca
526 1646 589 1696 nat.
613 1654 642 1711 q.
665 1637 693 1692 II
708 1639 759 1703 49,
774 1631 813 1709 1).

342 1742 381 1797 24
398 1749 486 1812 perro
503 1745 593 1796 οσανν.
628 1739 669 1794 ad
685 1738 816 1794 litteram
832 1737 906 1794 illud
922 1745 1026 1811 potest
1038 1731 1124 1796 πόδα
1140 1736 1235 1793 videri
1251 1754 1313 1793 non
1331 1737 1430 1794 minus
1446 1754 1546 1812 quam

240 1837 350 1914 πέδον,
384 1839 481 1896 solum
506 1838 667 1897 fossamve.
712 1838 770 1894 hoc
793 1840 987 1912 probandum
1019 1847 1075 1906 cst,
1109 1854 1172 1894 non
1197 1839 1295 1895 solum
1328 1839 1412 1913 quod
1443 1839 1545 1914 gemi-

241 1950 331 1998 natur
353 1941 499 2013 deinceps
515 1950 644 2014 persome
666 1941 708 1996 ita
731 1949 764 1996 ut
786 1957 858 1996 arae
881 1939 980 1995 locum
1003 1939 1073 1996 huic
1094 1939 1216 2014 piaculo
1241 1947 1357 2012 persone
1389 1949 1543 2015 praestet,

240 2060 320 2098 nunc
343 2049 446 2098 autem
469 2043 510 2098 ad
532 2058 587 2097 eos
617 2058 689 2096 usus
724 2048 847 2114 paratur
868 2048 899 2097 et
920 2048 1134 2107 consecratur,
1169 2041 1226 2096 sed
1262 2040 1355 2097 etiam
1390 2040 1475 2115 quod
1512 2041 1545 2098 in

242 2143 347 2200 tabula
371 2143 385 2198 Ι
407 2143 582 2218 simpliciter
605 2143 721 2198 dictum
744 2149 791 2197 est
809 2143 916 2214 pedum
941 2138 1042 2215 sarilo
1066 2159 1162 2215 eaque
1187 2140 1285 2197 forma
1306 2159 1361 2216 pes
1385 2141 1542 2202 exclusus.

240 2243 283 2300 ita
306 2243 387 2300 enim
410 2244 540 2300 breviter
563 2244 644 2316 loqui
669 2242 770 2299 licebit
790 2261 848 2298 nec
869 2242 1074 2317 postulabitur
1107 2250 1141 2298 ut
1174 2259 1328 2317 exponam
1357 2260 1451 2318 posse
1473 2245 1544 2318 qui-

240 2345 313 2402 dem
335 2345 425 2419 pedis
447 2345 580 2419 aliquem
603 2361 708 2401 casum
731 2361 810 2412 esse,
845 2362 908 2400 non
942 2352 1045 2400 tamen
1079 2362 1172 2418 posse
1201 2362 1272 2401 eum
1305 2362 1365 2419 quo
1387 2362 1466 2420 opus
1490 2347 1543 2407 sit.

239 2452 320 2502 osuiu
342 2454 471 2521 apparet
493 2446 663 2521 significatu
687 2445 823 2521 proxime
839 2448 990 2503 accedere
1005 2448 1048 2502 ad
1060 2445 1140 2523 scitu
1163 2448 1250 2520 quod
1271 2445 1375 2503 tabula
1391 2447 1546 2504 vetustior

241 2547 311 2603 loco
331 2546 408 2604 illius
430 2546 564 2614 exhibet,
599 2547 701 2622 itaque
735 2556 767 2603 ut
801 2565 838 2603 ex
867 2547 1035 2604 Aufrechto
1070 2548 1172 2603 audivi
1203 2564 1307 2603 coram
1340 2547 1544 2623 Buggiusque

240 2648 347 2704 litteris
370 2648 527 2705 mandavit
563 2646 745 2719 (studiorum
767 2648 859 2706 italic.
882 2668 911 2723 p.
925 2646 990 2723 44),
1024 2649 1106 2705 idern
1140 2657 1187 2705 est
1217 2649 1303 2722 quod
1331 2647 1419 2706 Oscis
1455 2658 1544 2722 upsa-

240 2749 392 2824 Paelignis
408 2757 493 2822 upsu·
515 2750 632 2807 Latinis
646 2759 755 2823 opere,
779 2749 895 2807 labialis
911 2750 1011 2807 littera
1033 2751 1093 2806 oris
1110 2751 1258 2825 languore
1273 2751 1438 2825 absumpta
1453 2751 1544 2810 haud

238 2849 325 2906 aliter
347 2851 434 2924 periit
456 2851 636 2924 insequente
659 2852 756 2909 vocali
772 2868 863 2925 quam
887 2860 959 2907 ante
975 2859 1199 2908 consonantem
1214 2852 1245 2907 in
1261 2853 1387 2920 ostenda,
1410 2851 1450 2911 cf.
1468 2853 1540 2926 ipsa

240 2950 307 3009 usa.
335 2949 467 3008 laciendi
491 2953 613 3009 verbum
636 2953 707 3027 quia
729 2954 921 3027 potissimum
947 2971 985 3009 ac
1007 2953 1287 3028 frequentissimum
1319 2962 1386 3011 erat
1417 2957 1460 3011 ad
1482 2957 1545 3012 de·

239 3051 392 3124 signanda
416 3069 511 3119 sacra,
534 3071 598 3109 rem
621 3071 683 3110 non
705 3055 804 3111 minus
827 3055 957 3130 profano
974 3074 1030 3113 usu
1054 3057 1210 3129 cognitam
1231 3056 1417 3112 recentiores
1430 3055 1545 3114 Vmbri

239 3152 299 3210 alio
315 3155 406 3210 verbo
429 3173 466 3211 ac
488 3154 617 3229 profano
643 3156 882 3217 declaraverunt.
927 3159 1063 3232 sequitur
1086 3177 1156 3215 vero
1180 3159 1290 3230 cupz'rse
1312 3155 1345 3214 ut
1367 3158 1472 3214 dativo
1502 3159 1546 3218 sit

240 3269 312 3309 casu
335 3253 479 3328 positum,
502 3271 564 3310 non
581 3256 726 3312 ablativo:
753 3258 854 3331 capidi
877 3276 964 3315 sacra
986 3268 1109 3334 paratur
1125 3258 1214 3316 fovea
1238 3259 1268 3315 in
1286 3277 1377 3333 quam
1393 3260 1546 3319 demitta-

239 3363 288 3412 tur
308 3363 380 3428 post
401 3355 587 3413 libationem.
631 3356 714 3413 idem
737 3376 774 3413 ex
799 3359 906 3415 Atticis
934 3356 1118 3435 ἐναγισμοῖς
1153 3369 1351 3435 praeceptum
1381 3360 1545 3422 Clidemus

240 3456 405 3512 memoriae
419 3457 556 3530 prodidit
571 3451 681 3531 ὄρυξαι
698 3454 836 3532 βόθυνον
849 3457 1041 3529 (Athenaeus
1058 3463 1085 3518 X
1097 3480 1125 3536 p.
1140 3460 1246 3530 410³).
1270 3463 1353 3537 apud
1368 3460 1545 3521 Homerum

239 3556 287 3612 dis
309 3555 412 3612 inseris
428 3566 572 3632 operatus
588 3557 692 3615 Vlixes
716 3556 834 3634 βόθρον
857 3556 943 3636 ὄρυξ’
968 3558 1062 3622 dccet
1084 3580 1118 3622 τε
1140 3560 1324 3638 πυγούειον,
1347 3555 1426 3636 ἀμφ’
1449 3557 1544 3646 αὐτῷ

239 3652 275 3716 δὲ
290 3653 370 3730 χοὴν
386 3657 498 3715 libavit.
521 3658 552 3714 in
568 3658 707 3716 Senecae
729 3659 852 3736 Oedipo
870 3682 896 3719 ν.
913 3665 975 3722 550
991 3662 1093 3738 effossa
1108 3665 1195 3720 tellus
1211 3671 1237 3720 et
1249 3675 1336 3739 super
1351 3665 1434 3738 rapu·
1454 3667 1546 3739 rogis

240 3758 391 3814 iaciuntur
411 3759 501 3833 ignes,
524 3761 584 3818 566
615 3759 750 3819 Tiresias
775 3763 848 3820 libat
869 3783 958 3821 manu
981 3767 1075 3822 laeva.
1115 3766 1294 3824 Thebaidos
1316 3767 1361 3826 IV
1373 3768 1431 3826 451
1451 3767 1545 3841 prin·

239 3859 312 3932 cipio
335 3859 469 3917 Tiresias
492 3862 598 3918 tellure
620 3869 726 3919 cavata
749 3864 873 3921 inclinat
893 3867 999 3932 latices,
1023 3876 1086 3923 tum
1102 3868 1149 3924 dis
1166 3867 1277 3942 Stygiis
1293 3886 1362 3925 aras
1385 3868 1545 3942 dissignat

238 3969 417 4035 mactatque
438 3963 586 4031 victimas
611 3965 744 4040 denique
781 3968 839 4025 501
865 3967 1038 4025 obtestatur
1061 3970 1145 4024 diues
1164 3969 1268 4042 quibus
1288 3970 1364 4026 bunc
1384 3973 1544 4028 saturavi·

238 4079 300 4118 mus
320 4063 415 4137 ignem
439 4065 577 4138 laeuaque
599 4068 737 4122 conuulsa
760 4068 884 4124 dedimus
906 4070 1054 4126 carchesia
1076 4077 1165 4129 terra.
1211 4071 1326 4129 Medea
1350 4071 1451 4130 Ovidii
1472 4090 1543 4131 me·

238 4172 311 4222 tam.
328 4164 461 4224 V11243
483 4173 577 4240 egesta
598 4167 746 4224 scrobibus
768 4170 874 4226 tellure
899 4170 1011 4227 duabus
1032 4190 1119 4227 sucre
1132 4169 1224 4247 facit,
1247 4180 1312 4230 tum
1327 4175 1451 4247 patulas
1466 4183 1544 4249 per·

228 4264 341 4344 stendit
353 4268 499 4341 sunguine
510 4268 623 4346 fossus.
647 4269 783 4328 Valerius
797 4271 864 4327 FII
882 4274 941 4331 735
965 4274 995 4328 ln
1010 4272 1157 4330 scrobibus
1171 4293 1265 4343 cruor,
1290 4275 1379 4333 Silius
1391 4276 1465 4334 XIII
1475 4279 1542 4340 427

228 4363 379 4443 ferroque
402 4387 507 4426 cavare
528 4371 667 4450 refossam
691 4373 769 4427 ucircs
790 4379 877 4447 urget
896 4374 1021 4432 brumum.
1056 4374 1254 4432 Homericum
1270 4385 1373 4434 autem
1396 4377 1471 4434 illud
1493 4377 1542 4438 Iu·

239 4476 290 4526 vat
312 4469 431 4544 plenius
454 4471 574 4539 iterare,
606 4472 734 4546 legimus
758 4474 839 4531 enim
861 4471 941 4549 χοὴν
965 4475 1084 4550 χεῖαθαι
1106 4486 1138 4533 et
1160 4473 1240 4550 χοὴν
1262 4473 1390 4552 χεόμην,
1420 4479 1543 4539 vesana

238 4570 375 4627 ueslz'com.

338 4677 377 4735 25
401 4681 513 4739 nertru.
545 4672 691 4755 νέρτεροι
712 4679 801 4738 inferi
822 4679 942 4741 sinistri.
977 4681 1047 4739 hinc
1071 4680 1239 4740 iudicanda
1262 4681 1355 4738 etiam
1377 4680 1543 4743 Romano·
