3742 5364
700 345 760 402 103
1166 341 1280 402 V1a63
1295 340 1375 400 11321
1427 401 1428 405 ,

73 527 245 603 Iiovinur',
279 549 385 609 porse
406 547 513 608 perca
536 523 701 588 arsmatia
753 521 832 594 vini',
860 530 911 603 qui
935 530 1049 604 virgam
1070 529 1297 604 imperatoriam
1324 528 1379 584 ha·¹

74 630 223 692 habiest.
246 649 313 709 ape
332 638 406 690 este
423 629 604 698 dersicust,
628 625 701 688 duti
754 630 848 686 bebit.
903 631 954 687 ubi
989 631 1073 686 istud
1109 632 1231 698 dixerit,
1268 632 1378 687 iterum

76 732 274 793 ambretuto
312 741 444 793 euront.
495 748 560 808 ape
595 736 699 789 term·
753 723 911 787 ambiunto
949 731 1059 788 eidem.
1110 733 1162 788 ubi
1199 733 1240 788 ad
1275 733 1378 788 termi-
1422 750 1427 767 ι

76 830 194 913 nomel
216 840 413 902 covortus0,
439 839 600 892 sururont
622 848 700 909 pes·
753 848 824 886 num
846 823 849 908 l
871 849 1027 888 revorsum
1060 834 1126 901 erit,
1164 834 1271 890 itidem
1311 852 1378 907 pre·

74 934 238 995 nimum0.
263 930 542 1003 sururontdeitu,
565 929 699 995 etaians
752 941 868 991 cantor.
934 934 1041 989 itidem
1080 935 1185 1001 dicito,
1230 942 1263 990 ut
1304 943 1378 990 eant

76 1034 179 1097 deitu.
217 1052 318 1094 enom
351 1032 466 1092 tertim
491 1031 700 1091 ambretut0.
742 1014 855 1092 dicito.
921 1043 986 1090 tum
1033 1035 1156 1091 tertium
1206 1035 1375 1092 ambiunto.

76 1155 143 1216 ape
180 1144 371 1197 termnome
407 1132 579 1204 benu50,l
604 1150 699 1192 suru-
713 1149 738 1189 οι
752 1136 803 1190 ubi
826 1137 867 1191 ad
890 1136 1052 1192 terminum
1068 1145 1192 1192 ventum
1214 1133 1307 1205 erit,l
1329 1137 1377 1192 iti·

74 1246 154 1298 ront
177 1235 402 1316 pesnimumO,
427 1242 590 1294 sururont
605 1231 700 1292 deitu
753 1237 824 1291 dem
852 1232 1032 1314 precentor,
1067 1237 1175 1294 itidem
1211 1239 1306 1294 dicito
1344 1246 1377 1294 ut

176 1443 215 1499 63
249 1442 427 1514 precatione
450 1447 577 1513 peracta
601 1439 651 1511 qui
675 1439 769 1494 lustro
803 1437 949 1494 faciundo
985 1447 1108 1513 praeest
1140 1439 1281 1496 adsertor
1308 1448 1375 1496 tan·

74 1526 168 1617 quam
192 1543 380 1598 deducturus
414 1542 579 1614 imperator
614 1540 782 1595 exercitum
815 1540 901 1596 iubet
931 1541 1091 1614 proficisci.
1134 1541 1253 1597 Romae
1277 1539 1375 1597 Varro

75 1643 169 1699 refert
192 1663 210 1700 a
232 1659 361 1699 censore
386 1640 552 1696 exercitum
575 1658 666 1713 quem
688 1640 846 1696 constituit
868 1641 1125 1713 quinquennalem
1151 1641 1183 1696 in
1206 1641 1312 1696 urbem
1334 1641 1376 1695 ad

74 1744 216 1800 vexillum
248 1745 319 1800 duci
349 1744 365 1801 l.
389 1744 439 1801 lat.
463 1740 568 1808 VI93,
603 1740 810 1797 Macedonum
846 1743 999 1799 exercitus
1033 1752 1197 1816 postquam
1231 1742 1375 1798 lustratus

73 1854 123 1901 est
146 1845 225 1900 inter
247 1844 396 1900 discissae
418 1842 540 1898 hostiae
574 1842 691 1896 viscera
723 1842 763 1896 ad
788 1842 929 1898 dextram
957 1851 988 1898 et
1016 1844 1056 1898 ad
1078 1843 1198 1898 laevam
1220 1844 1322 1916 posita
1345 1843 1375 1897 in

73 1962 186 2018 campo
209 1944 340 2000 decurrit
358 1944 573 2015 concurritque
590 1943 631 1997 ad
647 1942 840 1998 simulacrum
856 1961 980 2016 pugnae
1000 1938 1120 2015 (Livius
1131 1943 1187 1999 XL
1197 1941 1242 2015 6),
1275 1939 1374 2002 Βοιω-

73 2043 144 2118 τοῖς
167 2039 306 2121 δημοσίᾳ
340 2039 505 2116 καθαρμὸς
538 2039 636 2115 κυνὸς
668 2039 938 2116 διχοτομηθέντος
972 2041 1038 2102 τῶν
1072 2042 1178 2116 μερῶν
1202 2043 1375 2105 διεξελθεῖν

75 2146 169 2221 (Plut.
194 2164 221 2219 q.
245 2145 334 2200 Rom.
360 2140 443 2216 111).
488 2144 687 2218 Argonautae
720 2145 906 2200 lustrationis
930 2162 1024 2201 causa
1046 2145 1076 2200 in
1112 2146 1201 2201 armis
1233 2146 1376 2202 iubentur

74 2249 133 2305 toti
156 2247 241 2304 simul
264 2246 466 2319 procumbere
489 2247 614 2318 campis,
638 2247 745 2319 piceae
761 2254 934 2302 mactantur
949 2264 1022 2302 oves
1037 2256 1241 2320 prosectaque
1263 2249 1372 2321 partim

74 2359 178 2407 rector
200 2367 254 2422 per
275 2349 405 2414 medios
435 2347 544 2420 partim
566 2348 645 2419 gerit
668 2346 774 2402 obvius
798 2346 922 2403 Idmon:
956 2354 999 2403 ier
1021 2350 1122 2403 tacitos
1144 2367 1227 2422 egere
1246 2350 1373 2422 gradus,

74 2460 123 2509 ter
146 2459 312 2524 tanguntur
335 2448 521 2514 lustramina,
545 2449 655 2503 ceteris
672 2466 738 2504 cum
761 2449 895 2504 carmine
918 2450 1049 2522 peractis
1073 2451 1220 2507 continuo
1242 2451 1374 2506 redeunt

76 2553 119 2608 ad
142 2569 234 2607 naves
258 2568 315 2607 nec
336 2550 502 2623 respiciunt
525 2545 679 2614 (Valerius
702 2550 744 2607 Fl.
769 2549 812 2604 ΙΙΙ
827 2551 889 2608 430
901 2549 964 2622 ss).
1009 2552 1155 2623 quoniam
1178 2551 1244 2623 ipsa
1266 2552 1374 2607 lustra—

75 2654 119 2708 tio
144 2652 270 2709 formula
289 2652 338 2708 illa
362 2650 471 2717 finitur,
494 2651 719 2707 meminerimus
744 2652 836 2706 etiam
859 2652 887 2706 in
905 2650 1055 2707 catholica
1070 2651 1200 2708 ecclesia
1223 2652 1374 2708 abituram

75 2771 114 2808 ex
139 2753 284 2809 sacrificio
310 2752 487 2808 contionem
510 2752 553 2808 sic
575 2751 766 2825 compellari:
803 2753 849 2815 ite,
874 2753 960 2806 mairo
984 2759 1030 2811 est.
1077 2752 1177 2808 Latini
1211 2754 1286 2808 itare
1318 2754 1373 2810 fre·

75 2856 282 2928 quentationis
306 2871 416 2910 caussa
439 2862 568 2927 ponunt,
605 2853 712 2909 Vmbri
735 2872 804 2910 cum
827 2854 972 2927 populum
995 2871 1057 2909 non
1080 2872 1138 2909 eom
1162 2855 1219 2910 sed
1240 2861 1306 2910 elom
1330 2856 1375 2911 di·

57 2963 160 3029 cunt,
183 2955 393 3010 incitationem
414 2955 511 3028 magis
535 2963 567 3011 et
589 2956 779 3012 incrementa
801 2954 915 3010 itineris
938 2962 1096 3028 spectasse
1120 2956 1275 3023 videntur,
1300 2956 1374 3012 illud

75 3067 110 3113 ut
135 3057 177 3111 ire
199 3058 246 3121 sit,
267 3056 327 3113 hoc
341 3055 497 3129 proficisci.
521 3120 522 3123 Ἴ
543 3074 579 3111 ex
594 3055 652 3132 fu·
676 3057 872 3130 imperativus
896 3055 994 3111 lactus
1018 3063 1065 3112 est
1089 3056 1165 3128 sing.
1180 3055 1265 3132 futu,
1300 3056 1375 3130 plur.

60 3157 170 3236 4Ῐινίιιίο
191 3165 224 3212 ut
247 3158 277 3212 in
300 3156 399 3213 latinis
423 3162 478 3211 esto
502 3166 533 3212 et
556 3163 647 3223 estole,
672 3166 703 3213 at
725 3175 763 3212 ex
787 3163 845 3211 eta·
867 3157 941 3229 plur.
958 3162 1029 3212 elato
1051 3164 1180 3222 tantum,
1205 3163 1237 3211 ut
1253 3157 1375 3230 opinor,

75 3275 116 3313 ne
139 3257 230 3313 nimia
252 3267 484 3314 coacervaretur
506 3258 645 3330 parilium
668 3258 847 3331 syllabarum
869 3258 1043 3325 multitudo,
1067 3256 1374 3315 cf.stat2'ta11A42.

177 3360 215 3416 65
247 3365 291 3414 ter
313 3356 426 3427 ombz‘lo,
450 3364 493 3413 ter
509 3360 689 3431 precamina,
712 3365 755 3413 ter
777 3353 856 3414 ‘itote
874 3354 1019 3432 Iguuz'm''.
1043 3367 1110 3415 tunc
1125 3360 1281 3432 prinovati
1295 3366 1375 3415 retro

75 3465 168 3534 eunio,
191 3461 282 3514 eodem
305 3460 355 3516 oto
377 3465 455 3514 retro
480 3465 563 3515 eunio
579 3461 734 3532 primumi
764 3460 807 3515 sic
841 3468 927 3516 vetus
951 3461 1065 3519 tabula.
1109 3461 1196 3518 fallor
1216 3479 1256 3517 an
1279 3462 1375 3518 vicem

74 3568 234 3632 praestant
256 3560 406 3633 prinovati
423 3577 491 3616 cum
507 3561 674 3617 discedunt
688 3559 820 3616 universi
842 3562 957 3634 populi,
982 3563 1034 3636 qui
1053 3563 1136 3619 abire
1156 3563 1253 3618 iussus
1270 3570 1375 3619 tamen

75 3661 143 3715 sine
166 3659 259 3714 dubio
282 3660 395 3716 resistit
417 3661 490 3716 dum
513 3661 654 3717 animalia
692 3663 739 3717 dis
773 3661 967 3718 immolantur
997 3681 1178 3736 sacrumque
1202 3658 1375 3738 peragitur?

75 3760 162 3833 quod
185 3760 295 3815 eadem
319 3760 366 3815 via
389 3762 553 3817 discedunt
577 3779 637 3836 qua
661 3764 852 3818 advenerunt
875 3762 906 3817 id
930 3771 978 3818 est
996 3764 1044 3819 via
1066 3780 1153 3818 sacra
1172 3760 1212 3837 (ν.
1227 3759 1292 3839 52),
1316 3763 1374 3820 sol-

75 3861 177 3916 lemne
201 3859 386 3917 lustrationis
410 3862 469 3918 hoc
492 3862 556 3930 fuit,
582 3871 699 3936 tergum
723 3872 839 3918 vertere
863 3859 956 3935 (pone
980 3864 1059 3928 iacit,
1090 3882 1265 3938 auersusque
1292 3865 1375 3931 iacit,

76 3966 214 4033 transque
229 3969 315 4035 copul
327 3964 396 4029 iace,
420 3982 523 4020 auersa
541 3961 642 4037 effudit
653 3962 732 4038 sim.)
750 3975 780 4021 et
799 3967 828 4020 in
846 3983 984 4021 aversum
1001 3966 1100 4022 redire
1117 3960 1280 4042 (ἄψορρον
1297 3961 1376 4026 ἀπο·

75 4057 222 4134 στείχειν,
246 4059 292 4139 ἂψ
307 4060 342 4121 δὲ
357 4060 488 4122 νέεσθαι
504 4058 712 4142 ἄστρεπτον),
736 4074 807 4138 post
826 4074 943 4138 tergum
961 4075 993 4121 ut
1008 4075 1147 4123 maneret
1163 4068 1374 4126 transmissum

75 4162 106 4218 in
131 4161 305 4218 lustramina
327 4163 450 4224 malum.
495 4164 644 4237 plurative
667 4167 718 4238 qui
745 4174 930 4239 acceperunt
953 4167 1062 4221 easdem
1088 4168 1160 4236 mos,
1189 4186 1260 4225 cum
1285 4185 1374 4244 supe·

77 4263 157 4318 riore
180 4264 230 4320 illo
253 4281 340 4320 versu
360 4282 395 4320 ac
418 4266 511 4321 verbo
534 4275 674 4339 pugnant
689 4284 754 4339 *nec
778 4276 936 4340 reputasse
953 4267 1094 4323 videntur
1117 4268 1183 4324 viae
1206 4270 1281 4343 quid
1304 4270 1375 4336 sint,

75 4364 187 4420 saltem
209 4381 337 4421 necesse
361 4365 415 4422 fuit
439 4367 527 4422 scribi
550 4372 667 4422 ereronl
687 4367 757 4433 οἱον,
791 4369 892 4424 easdem
915 4369 979 4427 vtis.
1015 4386 1088 4443 ergo
1113 4369 1232 4446 crason}
1252 4380 1375 4428 constat

76 4483 128 4520 era
149 4466 328 4539 pronomine
353 4476 384 4523 et
396 4467 471 4545 sont
492 4468 719 4535 coniunctione,
743 4479 775 4524 et
791 4471 894 4527 cumh
917 4488 1011 4544 saepe
1028 4488 1065 4526 ex
1078 4469 1109 4547 s
1123 4473 1248 4540 oriatur,
1263 4468 1374 4546 sexli

76 4582 252 4639 numquam,
276 4566 335 4623 hoc
356 4585 417 4624 uno
441 4568 509 4623 loco
532 4569 715 4624 remansisse
738 4570 906 4628 iudicanda
929 4580 976 4628 est
996 4571 1224 4631 coniunctionis
1245 4572 1376 4647 plerum-

75 4683 138 4738 que
161 4667 336 4726 deminutae
359 4669 456 4742 prisca
478 4678 509 4725 et
532 4669 650 4742 integra
674 4668 779 4727 facies.
816 4672 925 4750 crason!
938 4674 983 4729 sic
1000 4673 1029 4728 in
1046 4672 1161 4732 eriboni
1184 4679 1266 4734 eron!
1280 4681 1377 4728 trans-
