3742 5364
231 337 346 398 Vixli
859 339 899 399 48

273 520 432 583 Tuderor
469 530 600 587 totcor:
645 529 854 602 vapersusto
868 546 892 583 tt
950 526 1042 583 Fines
1081 525 1191 584 urbici:
1235 527 1274 584 ab
1315 525 1396 585 sellis
1438 543 1538 601 augn-

232 624 374 688 avieclir
410 623 581 698 ebetraie‚
626 625 853 699 ooserclome‚
905 627 1019 685 talibus
1047 629 1087 686 ad
1109 629 1188 686 ostia
1219 630 1259 687 ad
1283 628 1456 687 ooserclum
1491 629 1537 686 ad

232 831 430 902 Salisubsu10‚
467 829 613 889 Padellae
646 849 714 888 cum
747 829 866 888 Patella
900 830 946 885 vel
970 827 1088 888 Panda.
1131 828 1269 887 Milelina
1304 829 1537 889 similitudinem

232 933 389 1008 quandam
410 932 491 1008 gerit
512 949 694 1006 graecorum
716 933 873 989 nominum
895 931 1133 1006 placabilitatem
1155 932 1347 1007 gratiamque
1359 931 1538 1007 significan·

232 1035 306 1092 tium
322 1041 353 1091 el
368 1034 434 1091 osci
447 1031 632 1093 Meelikz'z'ez‘s.
676 1032 775 1090 Hoins
797 1040 902 1108 potest
923 1034 1007 1091 idem
1027 1050 1096 1090 esse
1111 1033 1163 1108 qni
1185 1033 1262 1090 inira
1274 1033 1400 1090 Horatiis
1422 1034 1536 1092 extrita

231 1136 315 1193 reid
348 1143 397 1193 est
420 1136 442 1192 d
466 1142 539 1192 ante
576 1134 802 1202 semivocalem,
836 1143 870 1191 ut
891 1135 1010 1191 Romae
1041 1134 1137 1190 modo
1170 1133 1268 1190 Vedius
1299 1135 1394 1192 modo
1426 1133 1538 1192 tuaeve

232 1240 409 1315 appellatur.
453 1236 609 1294 hominem
640 1238 725 1293 credi
758 1237 828 1295 licet
859 1236 956 1293 civem
985 1235 1229 1311 magnificentius
1262 1236 1453 1293 habitantem
1476 1244 1535 1293 aut

231 1340 424 1398 conditorem
445 1338 504 1396 loci
519 1338 677 1416 Nurpium,
700 1338 808 1396 dubito
826 1347 929 1396 tamen
952 1357 992 1396 an
1013 1337 1062 1394 hic
1077 1355 1199 1413 quoque
1216 1339 1293 1396 deus
1316 1339 1356 1396 sit
1375 1346 1408 1396 ut
1424 1337 1536 1408 Rufer,

232 1458 323 1516 quem
355 1440 422 1514 ipsa
451 1438 583 1496 nominis
606 1439 705 1496 forma
728 1439 818 1496 eximi
851 1439 936 1495 iubet
958 1458 995 1495 ex
1018 1455 1146 1496 numero
1168 1438 1288 1498 civium.
1332 1439 1464 1515 quodsi
1488 1439 1537 1497 ita

231 1551 288 1612 est,
311 1542 415 1599 omnia
435 1540 504 1597 loca
526 1539 670 1615 religiosa
692 1547 761 1597 sunt
784 1547 835 1597 aut
858 1539 990 1614 publica.

331 1645 450 1700 tuderor
471 1641 641 1699 masculino
663 1659 788 1717 genere,
816 1658 907 1716 supra
930 1648 1038 1698 neutro
1061 1642 1156 1700 luder.
1199 1641 1243 1698 sic
1266 1640 1326 1698 hoc
1349 1659 1476 1717 specum
1501 1650 1537 1700 et

232 1743 261 1801 hi
284 1743 380 1818 speci,
403 1743 463 1801 hoc
484 1744 621 1820 iugerum
644 1751 676 1801 et
696 1744 857 1818 iugeribus
879 1743 910 1799 in
925 1743 1128 1800 Minuciorum
1152 1744 1306 1801 sententia
1329 1742 1375 1800 ibi
1393 1744 1538 1800 terminus

230 1851 289 1901 stat
308 1853 340 1901 et
362 1844 406 1902 ibi
425 1845 549 1905 termina
573 1846 627 1901 duo
654 1850 735 1901 stant
755 1840 847 1919 (CIL.
870 1844 884 1916 ‚1
909 1840 982 1920 199)
1006 1845 1044 1903 al.
1089 1844 1200 1901 ebelras
1223 1844 1322 1902 exitus
1351 1843 1424 1901 mihi
1451 1853 1538 1914 sunt,

232 1946 334 2003 dictae
357 1948 396 2003 ab
421 1966 434 2002 e
457 1954 488 2004 et
510 1947 685 2005 baetendo:
713 1955 823 2020 portae
845 1945 998 2003 foribusve
1021 1963 1163 2002 numerus
1186 1945 1329 2002 convenit
1355 1946 1537 2020 plurativus

232 2048 315 2104 idem
338 2048 465 2104 verbum
487 2048 607 2104 videtur
640 2048 698 2103 sed
731 2046 804 2104 vitio
835 2045 992 2104 adiectum
1025 2047 1088 2103 sive
1109 2046 1367 2120 pronuntiationis
1400 2047 1464 2104 sive
1487 2046 1538 2103 in·

232 2150 407 2223 scriptionis
421 2148 466 2205 VI
479 2148 504 2205 B
517 2149 568 2215 53,
593 2149 643 2205 ubi
660 2157 746 2205 vetus
770 2147 925 2222 exemplar
947 2156 1065 2204 tantum
1088 2165 1149 2203 cum
1170 2148 1265 2204 uenies
1287 2149 1318 2203 in
1332 2148 1536 2221 Aquiloniam,

232 2268 345 2307 novum
368 2248 421 2306 ubi
439 2250 471 2305 in
495 2249 685 2322 Aquiloniam
707 2247 835 2326 hebelase
857 2250 970 2306 venerit
1001 2249 1034 2304 id
1056 2257 1104 2306 est
1125 2249 1177 2304 ubi
1200 2267 1343 2324 campum
1365 2248 1537 2307 intraverit.

230 2351 382 2407 ooterclom
406 2349 537 2407 fortasse
561 2350 600 2406 ab
625 2348 658 2406 ob
681 2360 713 2407 et
739 2350 809 2407 seri·
832 2357 978 2425 tanquam
1000 2350 1242 2411 observaculum.
1279 2350 1424 2424 pratalias
1446 2365 1535 2407 com·

232 2453 351 2526 positae
373 2459 406 2508 ut
427 2450 618 2525 praecordia,
642 2469 660 2507 a
677 2459 755 2523 prae
776 2459 807 2509 et
828 2451 894 2508 solo
910 2451 993 2508 dicta
1015 2452 1169 2525 quaedam
1192 2452 1376 2526 superficies.
1421 2452 1538 2508 uastis·

232 2555 289 2609 lom
319 2560 422 2628 potest
455 2571 523 2610 esse
547 2572 629 2623 area,
665 2555 750 2612 locus
773 2574 865 2630 purus
886 2565 1031 2630 tanquam
1054 2554 1211 2621 vaceilum,
1243 2554 1387 2628 quoniam
1408 2558 1538 2610 vasetom

232 2655 371 2711 scribitur
397 2662 521 2729 praeter
541 2643 662 2713 naletam
685 2665 717 2712 et
737 2657 848 2714 vestrim
869 2657 988 2730 aliaque
1008 2656 1112 2713 multa,
1156 2656 1198 2711 ad
1217 2656 1337 2711 murcim
1358 2655 1478 2712 Romae
1503 2656 1537 2712 in

233 2756 312 2812 circo
346 2774 398 2812 cur
420 2763 589 2828 vocaretur,
614 2756 710 2814 Varro
734 2758 752 2817 l.
776 2759 793 2814 l.
818 2757 848 2814 V
871 2761 931 2817 154
954 2766 985 2815 et
1009 2756 1154 2814 Procilius
1191 2756 1300 2814 frustra
1327 2757 1535 2830 quaesierunt,

233 2875 416 2931 quamquam
441 2858 492 2914 ab*
510 2874 547 2913 eo
570 2859 650 2914 deae
670 2877 791 2934 quoque
822 2860 952 2916 inditum
975 2867 1039 2915 erat
1062 2875 1244 2932 cognomen.
1289 2863 1381 2914 sellom
1409 2873 1538 2932 promp-

231 2958 379 3015 tissimum
402 2966 451 3015 est
471 2957 664 3033 interpretari
688 2968 818 3018 tectum:
842 2960 900 3017 etsi
923 2960 1005 3015 enim
1027 2968 1147 3016 veteres
1171 2958 1303 3016 Vmbros
1328 2977 1365 3016 ex
1391 2959 1538 3032 analogia

230 3061 398 3118 concludas
436 3048 570 3118 elaturos
610 3061 703 3120 fuisse
739 3061 849 3128 lelium,
896 3061 1082 3119 recentiores
1123 3078 1185 3117 non
1223 3061 1313 3118 video
1352 3059 1461 3118 iecisse
1502 3059 1540 3116 hi

229 3162 288 3218 nisi
315 3179 352 3217 ex
364 3157 410 3237 fl,
443 3170 535 3235 atque
570 3163 601 3219 in
632 3163 782 3220 latinitate
804 3163 959 3221 rusticana
981 3170 1045 3219 tam
1067 3164 1186 3219 vz'iloria
1209 3162 1322 3238 prodiit
1345 3180 1382 3219 ex
1406 3162 1537 3220 victoria
1577 3173 1579 3177 “

231 3279 322 3336 quam
353 3262 474 3318 uz'iorz‘a:
512 3262 670 3338 ignoratur
702 3264 788 3339 origo
819 3263 1002 3323 Tettiorum.
1047 3263 1113 3320 finit
1144 3264 1272 3339 pomerii
1301 3263 1381 3321 hanc
1413 3270 1537 3338 partem

230 3382 304 3438 prax
326 3370 465 3438 pracata:
490 3365 533 3421 sic
548 3365 647 3422 Latini
671 3365 786 3423 fossam
809 3365 873 3422 fodi
889 3365 997 3422 dicunt
1015 3374 1046 3422 et
1068 3366 1176 3431 muniri
1197 3364 1329 3424 moenia.
1362 3363 1537 3421 communis

230 3466 361 3523 fortasse
383 3465 470 3540 origo
500 3465 525 3523 si
548 3485 565 3522 a
592 3475 664 3540 perc
692 3468 855 3524 descendit
881 3467 1018 3541 persium
1041 3467 1134 3523 verbo
1157 3474 1215 3534 est,
1243 3467 1327 3541 quod
1349 3474 1396 3524 ter
1416 3465 1537 3522 inveni·

230 3574 369 3625 turcum
389 3573 490 3640 pastro
510 3568 646 3626 iunctum
667 3585 778 3643 resque
801 3577 872 3624 ante
895 3569 1038 3625 admotas
1060 3575 1141 3624 retro
1171 3567 1221 3641 agi
1252 3576 1283 3625 et
1313 3567 1420 3642 reponi
1451 3565 1537 3624 indi·

230 3677 291 3735 cat,
325 3677 389 3727 tum
418 3678 590 3742 compescere
613 3678 646 3726 et
669 3670 824 3743 dz'rpescere
855 3669 965 3728 latinis,
1009 3686 1067 3726 nec
1098 3668 1257 3744 pergulam
1280 3669 1429 3736 omittam,
1451 3685 1536 3742 quae

231 3771 311 3828 solet
332 3788 401 3828 esse
423 3769 561 3844 proiecta
581 3771 612 3828 in
631 3770 711 3830 viam
727 3779 798 3828 aute
811 3771 907 3838 aedes
927 3770 1065 3839 taberna,
1088 3788 1144 3845 pro
1158 3787 1217 3844 qua
1239 3771 1395 3845 preculam
1417 3769 1536 3826 dixisse

230 3882 384 3931 oratorem
405 3872 616 3930 Placentinum
639 3872 844 3944 Quintilianus
877 3878 981 3929 narrat
1009 3871 1079 3930 inst.
1104 3871 1119 3927 Ι
1142 3873 1171 3940 5,
1196 3874 1244 3933 12.
1288 3871 1376 3929 nimis
1400 3872 1536 3932 obscura

229 3972 376 4049 Hesychii
412 3973 516 4047 glossa
551 3969 681 4048 πράκεε,
735 3992 793 4030 nec
827 3980 975 4049 quantum
1014 3973 1139 4046 quidem
1173 3973 1358 4048 intellegitur
1394 3972 1535 4031 umbrico

230 4075 324 4131 verbo
357 4073 477 4132 adfinis.
520 4075 621 4132 locum
654 4083 795 4148 saeptum
817 4075 1030 4132 Romanenses
1057 4083 1152 4148 parco
1173 4082 1252 4147 parc
1271 4082 1399 4148 parque,
1427 4072 1536 4130 Theo·

230 4176 297 4233 tisci
321 4174 426 4249 ps‘erclz
449 4183 571 4244 vocant,
605 4177 691 4252 quod
722 4193 835 4233 nomen
864 4177 947 4233 unde
982 4176 1021 4232 sit
1043 4176 1169 4233 ductum
1204 4176 1307 4233 adhuc
1337 4194 1445 4251 parum
1478 4193 1536 4232 ex·

198 4303 200 4308 ·
229 4278 380 4352 ploratum
402 4284 459 4334 est.
504 4278 545 4333 ad
566 4277 756 4336 munimenta
779 4278 860 4335 urbis
890 4294 999 4352 praees
1020 4278 1093 4352 quin
1114 4277 1289 4352 pertineant
1319 4296 1383 4335 non
1406 4274 1533 4335 dubito:

230 4378 364 4436 numeris
387 4397 405 4435 a
427 4376 623 4454 Pompeianis
656 4389 754 4437 turres
787 4381 910 4436 notatas
945 4379 1085 4436 novimus
1111 4379 1262 4453 interque*
1284 4387 1397 4437 turrem
1419 4379 1477 4436 ΧΠ
1498 4389 1535 4439 et

229 4487 349 4554 portam
371 4479 499 4536 Samam
526 4480 569 4536 ibi
591 4480 747 4538 habitasse
770 4481 921 4550 Adirium3
957 4479 1105 4537 Romanis
1127 4480 1297 4555 procestria
1317 4480 1422 4538 Aelius
1444 4481 1535 4538 aedi-

230 4580 299 4638 ficia
320 4598 389 4638 esse
412 4579 489 4637 dixit
513 4588 600 4638 extra
629 4590 760 4656 portam,
794 4582 932 4640 Artorius
957 4582 1190 4656 propugnacula
1212 4582 1321 4657 quibus
1343 4601 1399 4658 pro
1422 4582 1534 4641 eastris

230 4690 387 4739 uterentur
409 4679 461 4758 (ex
483 4684 579 4741 Festo
602 4683 738 4760 Paulus).
