<?xml version="1.0" encoding="UTF-8"?>
<!DOCTYPE html PUBLIC "-//W3C//DTD XHTML 1.0 Transitional//EN"
    "http://www.w3.org/TR/xhtml1/DTD/xhtml1-transitional.dtd">
<html xmlns="http://www.w3.org/1999/xhtml" xml:lang="en" lang="en">
 <head>
  <title>
</title>
<meta http-equiv="Content-Type" content="text/html;charset=utf-8" />
  <meta name='ocr-system' content='tesseract 3.04.00' />
  <meta name='ocr-capabilities' content='ocr_page ocr_carea ocr_par ocr_line ocrx_word'/>
</head>
<body>
  <div class='ocr_page' id='page_1' title='image "./vmbricainterpre00buecgoog_0202.png"; bbox 0 0 3742 5364; ppageno 0'>
   <div class='ocr_carea' id='block_1_1' title="bbox 715 313 774 371">
    <p class='ocr_par' dir='ltr' id='par_1_1' title="bbox 715 313 774 371">
     <span class='ocr_line' id='line_1_1' title="bbox 715 313 774 371; baseline 0.017 -1"><span class='ocrx_word' id='word_1_1' title='bbox 715 313 774 371; x_wconf 85' lang='lat'><strong>195</strong></span> 
     </span>
    </p>
   </div>
   <div class='ocr_carea' id='block_1_2' title="bbox 252 490 1401 1175">
    <p class='ocr_par' dir='ltr' id='par_1_2' title="bbox 252 490 1401 1175">
     <span class='ocr_line' id='line_1_2' title="bbox 252 490 1400 566; baseline 0.003 -15"><span class='ocrx_word' id='word_1_2' title='bbox 252 493 386 551; x_wconf 85' lang='lat' dir='ltr'><strong>futurum</strong></span> <span class='ocrx_word' id='word_1_3' title='bbox 408 493 545 550; x_wconf 85' lang='lat' dir='ltr'><strong>fecerunt</strong></span> <span class='ocrx_word' id='word_1_4' title='bbox 568 500 602 548; x_wconf 85' lang='lat' dir='ltr'><strong>ut</strong></span> <span class='ocrx_word' id='word_1_5' title='bbox 623 490 696 549; x_wconf 92' lang='lat' dir='ltr'><strong>Osci</strong></span> <span class='ocrx_word' id='word_1_6' title='bbox 730 492 950 566; x_wconf 87' lang='lat' dir='ltr'><strong>subiungentes</strong></span> <span class='ocrx_word' id='word_1_7' title='bbox 980 493 1107 552; x_wconf 86' lang='lat' dir='ltr'><strong>themati</strong></span> <span class='ocrx_word' id='word_1_8' title='bbox 1139 495 1251 553; x_wconf 86' lang='lat' dir='ltr'><strong>formas</strong></span> <span class='ocrx_word' id='word_1_9' title='bbox 1285 515 1317 553; x_wconf 88' lang='lat' dir='ltr'><strong>es</strong></span> <span class='ocrx_word' id='word_1_10' title='bbox 1352 506 1400 555; x_wconf 91' lang='lat' dir='ltr'><strong>est</strong></span> 
     </span>
     <span class='ocr_line' id='line_1_3' title="bbox 469 592 1357 679; baseline 0.003 -29"><span class='ocrx_word' id='word_1_11' title='bbox 469 602 549 651; x_wconf 91' lang='lat' dir='ltr'><strong>sunt.</strong></span> <span class='ocrx_word' id='word_1_12' title='bbox 584 592 738 668; x_wconf 85' lang='lat' dir='ltr'>duplicem</span> <span class='ocrx_word' id='word_1_13' title='bbox 760 612 775 648; x_wconf 85' lang='lat' dir='ltr'><strong>r</strong></span> <span class='ocrx_word' id='word_1_14' title='bbox 797 593 891 650; x_wconf 89' lang='lat' dir='ltr'><strong>latere</strong></span> <span class='ocrx_word' id='word_1_15' title='bbox 912 592 942 649; x_wconf 92' lang='lat' dir='ltr'><strong>in</strong></span> <span class='ocrx_word' id='word_1_16' title='bbox 968 613 996 650; x_wconf 83' lang='lat' dir='ltr'><strong>es</strong></span> <span class='ocrx_word' id='word_1_17' title='bbox 1018 595 1120 679; x_wconf 75' lang='lat' dir='ltr'><strong>velex</strong></span> <span class='ocrx_word' id='word_1_18' title='bbox 1140 594 1248 652; x_wconf 90' lang='lat' dir='ltr'><strong>Plauto</strong></span> <span class='ocrx_word' id='word_1_19' title='bbox 1269 597 1357 654; x_wconf 90' lang='lat' dir='ltr'><strong>nosti.</strong></span> 
     </span>
     <span class='ocr_line' id='line_1_4' title="bbox 380 695 1400 772; baseline 0.003 -21"><span class='ocrx_word' id='word_1_20' title='bbox 380 703 383 711; x_wconf 91' lang='grc'><strong>’</strong></span> <span class='ocrx_word' id='word_1_21' title='bbox 403 695 478 771; x_wconf 88' lang='lat' dir='ltr'><strong>sing.</strong></span> <span class='ocrx_word' id='word_1_22' title='bbox 502 699 520 754; x_wconf 82' lang='lat'><strong>2</strong></span> <span class='ocrx_word' id='word_1_23' title='bbox 545 703 670 769; x_wconf 81' lang='lat' dir='ltr'><strong>anpenes</strong></span> <span class='ocrx_word' id='word_1_24' title='bbox 690 695 849 770; x_wconf 89' lang='lat' dir='ltr'><strong>inpendes‚</strong></span> <span class='ocrx_word' id='word_1_25' title='bbox 877 713 968 752; x_wconf 80' lang='lat' dir='ltr'><strong>menes</strong></span> <span class='ocrx_word' id='word_1_26' title='bbox 991 696 1101 755; x_wconf 82' lang='lat' dir='ltr'><strong>venies</strong></span> <span class='ocrx_word' id='word_1_27' title='bbox 1131 697 1284 770; x_wconf 68' lang='lat' dir='ltr'><strong>parturitis</strong></span> <span class='ocrx_word' id='word_1_28' title='bbox 1305 697 1400 772; x_wconf 89' lang='lat' dir='ltr'><strong>porri·</strong></span> 
     </span>
     <span class='ocr_line' id='line_1_5' title="bbox 542 796 847 864; baseline 0.003 -11"><span class='ocrx_word' id='word_1_29' title='bbox 542 797 615 864; x_wconf 88' lang='lat' dir='ltr'><strong>cies,</strong></span> <span class='ocrx_word' id='word_1_30' title='bbox 637 796 731 853; x_wconf 78' lang='lat' dir='ltr'><strong>hert&#39;es</strong></span> <span class='ocrx_word' id='word_1_31' title='bbox 755 797 847 855; x_wconf 76' lang='lat' dir='ltr'><strong>voles</strong></span> 
     </span>
     <span class='ocr_line' id='line_1_6' title="bbox 401 894 1401 973; baseline 0 -19"><span class='ocrx_word' id='word_1_32' title='bbox 401 897 476 972; x_wconf 86' lang='lat' dir='ltr'><strong>sing.</strong></span> <span class='ocrx_word' id='word_1_33' title='bbox 500 899 519 956; x_wconf 89' lang='lat'><strong>3</strong></span> <span class='ocrx_word' id='word_1_34' title='bbox 544 903 600 954; x_wconf 80' lang='lat' dir='ltr'><strong>cest</strong></span> <span class='ocrx_word' id='word_1_35' title='bbox 617 898 682 965; x_wconf 88' lang='lat' dir='ltr'><strong>ibit,</strong></span> <span class='ocrx_word' id='word_1_36' title='bbox 696 894 798 973; x_wconf 71' lang='lat' dir='ltr'><strong>feres!</strong></span> <span class='ocrx_word' id='word_1_37' title='bbox 821 897 904 956; x_wconf 86' lang='lat' dir='ltr'><strong>feret.</strong></span> <span class='ocrx_word' id='word_1_38' title='bbox 936 897 1044 955; x_wconf 74' lang='lat' dir='ltr'><strong>kerris!</strong></span> <span class='ocrx_word' id='word_1_39' title='bbox 1063 898 1153 968; x_wconf 88' lang='lat' dir='ltr'><strong>volet,</strong></span> <span class='ocrx_word' id='word_1_40' title='bbox 1176 897 1288 956; x_wconf 80' lang='lat' dir='ltr'><strong>hubiest</strong></span> <span class='ocrx_word' id='word_1_41' title='bbox 1306 898 1401 967; x_wconf 87' lang='lat' dir='ltr'><strong>habe-</strong></span> 
     </span>
     <span class='ocr_line' id='line_1_7' title="bbox 542 995 1098 1076; baseline 0.011 -23"><span class='ocrx_word' id='word_1_42' title='bbox 542 998 595 1066; x_wconf 93' lang='lat' dir='ltr'><strong>bit,</strong></span> <span class='ocrx_word' id='word_1_43' title='bbox 607 995 709 1076; x_wconf 63' lang='lat' dir='ltr'><strong>suits!</strong></span> <span class='ocrx_word' id='word_1_44' title='bbox 728 997 788 1066; x_wconf 89' lang='lat' dir='ltr'><strong>fiet,</strong></span> <span class='ocrx_word' id='word_1_45' title='bbox 807 998 974 1072; x_wconf 77' lang='lat' dir='ltr'><strong>prupehast</strong></span> <span class='ocrx_word' id='word_1_46' title='bbox 993 999 1098 1075; x_wconf 85' lang='lat' dir='ltr'><strong>piabit.</strong></span> 
     </span>
     <span class='ocr_line' id='line_1_8' title="bbox 400 1093 1273 1175; baseline 0.006 -21"><span class='ocrx_word' id='word_1_47' title='bbox 400 1099 474 1174; x_wconf 93' lang='lat' dir='ltr'><strong>plur.</strong></span> <span class='ocrx_word' id='word_1_48' title='bbox 499 1101 516 1158; x_wconf 90' lang='lat'><strong>3</strong></span> <span class='ocrx_word' id='word_1_49' title='bbox 538 1098 672 1155; x_wconf 74' lang='lat' dir='ltr'><strong>staberen</strong></span> <span class='ocrx_word' id='word_1_50' title='bbox 695 1099 821 1157; x_wconf 89' lang='lat' dir='ltr'><strong>stabunt</strong></span> <span class='ocrx_word' id='word_1_51' title='bbox 845 1095 943 1171; x_wconf 76' lang='lat' dir='ltr'><strong>(slaha</strong></span> <span class='ocrx_word' id='word_1_52' title='bbox 965 1108 1024 1169; x_wconf 92' lang='lat' dir='ltr'><strong>st0,</strong></span> <span class='ocrx_word' id='word_1_53' title='bbox 1047 1100 1118 1175; x_wconf 88' lang='lat' dir='ltr'><strong>imp.</strong></span> <span class='ocrx_word' id='word_1_54' title='bbox 1140 1093 1273 1175; x_wconf 74' lang='lat' dir='ltr'><strong>slahim).</strong></span> 
     </span>
    </p>
   </div>
   <div class='ocr_carea' id='block_1_3' title="bbox 251 1298 1401 2288">
    <p class='ocr_par' dir='ltr' id='par_1_3' title="bbox 251 1298 1400 1375">
     <span class='ocr_line' id='line_1_9' title="bbox 251 1298 1400 1375; baseline 0.003 -19"><span class='ocrx_word' id='word_1_55' title='bbox 251 1298 419 1373; x_wconf 84' lang='lat' dir='ltr'><strong>perfectum</strong></span> <span class='ocrx_word' id='word_1_56' title='bbox 452 1299 529 1375; x_wconf 87' lang='lat' dir='ltr'><strong>sing.</strong></span> <span class='ocrx_word' id='word_1_57' title='bbox 555 1301 570 1358; x_wconf 91' lang='grc'>1</span> <span class='ocrx_word' id='word_1_58' title='bbox 594 1298 721 1355; x_wconf 81' lang='lat' dir='ltr'><strong>subocau</strong></span> <span class='ocrx_word' id='word_1_59' title='bbox 742 1298 898 1369; x_wconf 81' lang='lat' dir='ltr'><strong>subocauu,</strong></span> <span class='ocrx_word' id='word_1_60' title='bbox 920 1301 983 1359; x_wconf 92' lang='lat' dir='ltr'><strong>sive</strong></span> <span class='ocrx_word' id='word_1_61' title='bbox 998 1309 1031 1358; x_wconf 92' lang='lat' dir='ltr'><strong>ut</strong></span> <span class='ocrx_word' id='word_1_62' title='bbox 1045 1302 1144 1359; x_wconf 90' lang='lat' dir='ltr'><strong>amavi</strong></span> <span class='ocrx_word' id='word_1_63' title='bbox 1166 1301 1230 1359; x_wconf 88' lang='lat' dir='ltr'><strong>sive</strong></span> <span class='ocrx_word' id='word_1_64' title='bbox 1244 1310 1278 1359; x_wconf 90' lang='lat' dir='ltr'><strong>ut</strong></span> <span class='ocrx_word' id='word_1_65' title='bbox 1293 1320 1400 1360; x_wconf 91' lang='lat' dir='ltr'><strong>oscum</strong></span> 
     </span>
    </p>

    <p class='ocr_par' dir='ltr' id='par_1_4' title="bbox 591 1397 878 1477">
     <span class='ocr_line' id='line_1_10' title="bbox 591 1397 878 1477; baseline 0.01 -21"><span class='ocrx_word' id='word_1_66' title='bbox 591 1397 754 1477; x_wconf 79' lang='lat' dir='ltr'><strong>manafum,</strong></span> <span class='ocrx_word' id='word_1_67' title='bbox 775 1420 804 1476; x_wconf 92' lang='lat' dir='ltr'><strong>p.</strong></span> <span class='ocrx_word' id='word_1_68' title='bbox 829 1403 878 1461; x_wconf 77' lang='lat'><strong>54.</strong></span> 
     </span>
    </p>

    <p class='ocr_par' dir='ltr' id='par_1_5' title="bbox 451 1499 1401 2185">
     <span class='ocr_line' id='line_1_11' title="bbox 451 1499 1399 1582; baseline 0 -22"><span class='ocrx_word' id='word_1_69' title='bbox 451 1503 526 1578; x_wconf 86' lang='lat' dir='ltr'><strong>sing.</strong></span> <span class='ocrx_word' id='word_1_70' title='bbox 550 1505 568 1562; x_wconf 89' lang='lat'>3</span> <span class='ocrx_word' id='word_1_71' title='bbox 582 1501 691 1582; x_wconf 83' lang='lat' dir='ltr'><strong>sesure</strong></span> <span class='ocrx_word' id='word_1_72' title='bbox 724 1520 742 1558; x_wconf 88' lang='lat' dir='ltr'><strong>a</strong></span> <span class='ocrx_word' id='word_1_73' title='bbox 769 1499 862 1578; x_wconf 83' lang='lat' dir='ltr'><strong>sur·,</strong></span> <span class='ocrx_word' id='word_1_74' title='bbox 887 1520 916 1577; x_wconf 90' lang='lat' dir='ltr'><strong>p.</strong></span> <span class='ocrx_word' id='word_1_75' title='bbox 941 1505 1010 1562; x_wconf 78' lang='lat'><strong>124.</strong></span> <span class='ocrx_word' id='word_1_76' title='bbox 1057 1503 1180 1561; x_wconf 90' lang='lat' dir='ltr'><strong>Tudere</strong></span> <span class='ocrx_word' id='word_1_77' title='bbox 1212 1506 1280 1561; x_wconf 73' lang='lat' dir='ltr'><strong>dede</strong></span> <span class='ocrx_word' id='word_1_78' title='bbox 1302 1504 1399 1560; x_wconf 88' lang='lat' dir='ltr'><strong>dedit.</strong></span> 
     </span>
     <span class='ocr_line' id='line_1_12' title="bbox 591 1602 1400 1681; baseline 0.004 -21"><span class='ocrx_word' id='word_1_79' title='bbox 591 1605 705 1662; x_wconf 87' lang='lat' dir='ltr'><strong>ibidem</strong></span> <span class='ocrx_word' id='word_1_80' title='bbox 726 1605 759 1672; x_wconf 87' lang='lat' dir='ltr'><strong>in</strong></span> <span class='ocrx_word' id='word_1_81' title='bbox 782 1605 908 1679; x_wconf 87' lang='lat' dir='ltr'><strong>bilingui</strong></span> <span class='ocrx_word' id='word_1_82' title='bbox 930 1604 1019 1661; x_wconf 91' lang='lat' dir='ltr'><strong>titulo</strong></span> <span class='ocrx_word' id='word_1_83' title='bbox 1041 1623 1070 1680; x_wconf 94' lang='lat' dir='ltr'><strong>p.</strong></span> <span class='ocrx_word' id='word_1_84' title='bbox 1086 1607 1145 1664; x_wconf 80' lang='lat'><strong>175</strong></span> <span class='ocrx_word' id='word_1_85' title='bbox 1167 1602 1284 1681; x_wconf 68' lang='lat' dir='ltr'><strong>arruns,</strong></span> <span class='ocrx_word' id='word_1_86' title='bbox 1307 1606 1332 1662; x_wconf 93' lang='lat' dir='ltr'><strong>si</strong></span> <span class='ocrx_word' id='word_1_87' title='bbox 1355 1614 1400 1663; x_wconf 90' lang='lat' dir='ltr'><strong>ta·</strong></span> 
     </span>
     <span class='ocr_line' id='line_1_13' title="bbox 591 1703 1398 1783; baseline -0.001 -21"><span class='ocrx_word' id='word_1_88' title='bbox 591 1723 662 1762; x_wconf 92' lang='lat' dir='ltr'><strong>men</strong></span> <span class='ocrx_word' id='word_1_89' title='bbox 684 1704 806 1762; x_wconf 88' lang='lat' dir='ltr'><strong>insolita</strong></span> <span class='ocrx_word' id='word_1_90' title='bbox 829 1703 973 1783; x_wconf 81' lang='lat' dir='ltr'><strong>litteras</strong></span> <span class='ocrx_word' id='word_1_91' title='bbox 987 1704 1145 1779; x_wconf 85' lang='lat' dir='ltr'><strong>significat,</strong></span> <span class='ocrx_word' id='word_1_92' title='bbox 1181 1714 1214 1762; x_wconf 92' lang='lat' dir='ltr'><strong>ut</strong></span> <span class='ocrx_word' id='word_1_93' title='bbox 1240 1723 1314 1762; x_wconf 88' lang='lat' dir='ltr'><strong>osca</strong></span> <span class='ocrx_word' id='word_1_94' title='bbox 1337 1706 1398 1762; x_wconf 80' lang='lat' dir='ltr'><strong>alk-</strong></span> 
     </span>
     <span class='ocr_line' id='line_1_14' title="bbox 593 1803 1401 1882; baseline 0.001 -20"><span class='ocrx_word' id='word_1_95' title='bbox 593 1803 687 1882; x_wconf 84' lang='lat' dir='ltr'><strong>dafed</strong></span> <span class='ocrx_word' id='word_1_96' title='bbox 720 1803 920 1880; x_wconf 80' lang='lat' dir='ltr'><strong>aomanaffed,</strong></span> <span class='ocrx_word' id='word_1_97' title='bbox 956 1807 1013 1863; x_wconf 87' lang='lat' dir='ltr'><strong>sed</strong></span> <span class='ocrx_word' id='word_1_98' title='bbox 1042 1805 1138 1865; x_wconf 85' lang='lat' dir='ltr'><strong>lokan.</strong></span> <span class='ocrx_word' id='word_1_99' title='bbox 1169 1815 1200 1862; x_wconf 90' lang='lat' dir='ltr'><strong>et</strong></span> <span class='ocrx_word' id='word_1_100' title='bbox 1227 1806 1338 1863; x_wconf 92' lang='lat' dir='ltr'><strong>locavit</strong></span> <span class='ocrx_word' id='word_1_101' title='bbox 1375 1807 1401 1863; x_wconf 91' lang='lat' dir='ltr'><strong>si</strong></span> 
     </span>
     <span class='ocr_line' id='line_1_15' title="bbox 591 1905 1399 1982; baseline 0 -18"><span class='ocrx_word' id='word_1_102' title='bbox 591 1916 663 1964; x_wconf 87' lang='lat' dir='ltr'><strong>sunt</strong></span> <span class='ocrx_word' id='word_1_103' title='bbox 683 1908 781 1982; x_wconf 91' lang='lat' dir='ltr'><strong>paria,</strong></span> <span class='ocrx_word' id='word_1_104' title='bbox 819 1907 1003 1980; x_wconf 89' lang='lat' dir='ltr'><strong>amplificata</strong></span> <span class='ocrx_word' id='word_1_105' title='bbox 1030 1915 1077 1962; x_wconf 92' lang='lat' dir='ltr'><strong>est</strong></span> <span class='ocrx_word' id='word_1_106' title='bbox 1110 1907 1229 1980; x_wconf 87' lang='lat' dir='ltr'><strong>species</strong></span> <span class='ocrx_word' id='word_1_107' title='bbox 1262 1905 1399 1982; x_wconf 88' lang='lat' dir='ltr'><strong>perfecta</strong></span> 
     </span>
     <span class='ocr_line' id='line_1_16' title="bbox 593 2008 1399 2084; baseline 0.001 -19"><span class='ocrx_word' id='word_1_108' title='bbox 593 2010 674 2068; x_wconf 92' lang='lat' dir='ltr'><strong>verbi</strong></span> <span class='ocrx_word' id='word_1_109' title='bbox 697 2009 840 2084; x_wconf 91' lang='lat' dir='ltr'><strong>simplicis</strong></span> <span class='ocrx_word' id='word_1_110' title='bbox 872 2017 906 2064; x_wconf 92' lang='lat' dir='ltr'><strong>ut</strong></span> <span class='ocrx_word' id='word_1_111' title='bbox 931 2008 1026 2082; x_wconf 85' lang='lat' dir='ltr'><strong>Iguvii</strong></span> <span class='ocrx_word' id='word_1_112' title='bbox 1051 2008 1292 2084; x_wconf 90' lang='lat' dir='ltr'><strong>compositorum</strong></span> <span class='ocrx_word' id='word_1_113' title='bbox 1324 2008 1399 2083; x_wconf 85' lang='lat' dir='ltr'><strong>perf.</strong></span> 
     </span>
     <span class='ocr_line' id='line_1_17' title="bbox 592 2096 993 2185; baseline 0.002 -16"><span class='ocrx_word' id='word_1_114' title='bbox 592 2111 670 2171; x_wconf 91' lang='lat' dir='ltr'><strong>coni.</strong></span> <span class='ocrx_word' id='word_1_115' title='bbox 695 2096 877 2185; x_wconf 74' lang='lat' dir='ltr'><strong>conrbz&#39;fianlz&#39;.</strong></span> <span class='ocrx_word' id='word_1_116' title='bbox 992 2173 993 2177; x_wconf 59' lang='grc'>,</span> 
     </span>
    </p>

    <p class='ocr_par' dir='ltr' id='par_1_6' title="bbox 449 2196 1325 2288">
     <span class='ocr_line' id='line_1_18' title="bbox 449 2196 1325 2288; baseline 0.002 -20"><span class='ocrx_word' id='word_1_117' title='bbox 449 2213 525 2287; x_wconf 91' lang='lat' dir='ltr'><strong>plur.</strong></span> <span class='ocrx_word' id='word_1_118' title='bbox 550 2216 568 2272; x_wconf 91' lang='lat'><strong>3</strong></span> <span class='ocrx_word' id='word_1_119' title='bbox 592 2213 689 2287; x_wconf 78' lang='lat' dir='ltr'><strong>etlipes</strong></span> <span class='ocrx_word' id='word_1_120' title='bbox 712 2212 749 2272; x_wconf 85' lang='lat' dir='ltr'><strong>cf.</strong></span> <span class='ocrx_word' id='word_1_121' title='bbox 767 2196 881 2270; x_wconf 90' lang='lat' dir='ltr'><strong>oscum</strong></span> <span class='ocrx_word' id='word_1_122' title='bbox 904 2222 1040 2287; x_wconf 73' lang='lat' dir='ltr'><strong>nupt-ens</strong></span> <span class='ocrx_word' id='word_1_123' title='bbox 1061 2213 1140 2288; x_wconf 90' lang='lat' dir='ltr'><strong>pael.</strong></span> <span class='ocrx_word' id='word_1_124' title='bbox 1162 2211 1325 2270; x_wconf 70' lang='lat' dir='ltr'><strong>tonat-ens.</strong></span> 
     </span>
    </p>
   </div>
   <div class='ocr_carea' id='block_1_4' title="bbox 247 2412 1408 4719">
    <p class='ocr_par' dir='ltr' id='par_1_7' title="bbox 247 2412 1408 4719">
     <span class='ocr_line' id='line_1_19' title="bbox 251 2412 1400 2488; baseline -0.001 -17"><span class='ocrx_word' id='word_1_125' title='bbox 251 2415 382 2471; x_wconf 79' lang='lat' dir='ltr'><strong>futurum</strong></span> <span class='ocrx_word' id='word_1_126' title='bbox 404 2415 602 2488; x_wconf 85' lang='lat' dir='ltr'><strong>praeteritum</strong></span> <span class='ocrx_word' id='word_1_127' title='bbox 618 2413 757 2472; x_wconf 86' lang='lat' dir='ltr'><strong>fecerunt</strong></span> <span class='ocrx_word' id='word_1_128' title='bbox 771 2422 805 2470; x_wconf 92' lang='lat' dir='ltr'><strong>ut</strong></span> <span class='ocrx_word' id='word_1_129' title='bbox 821 2412 895 2470; x_wconf 89' lang='lat' dir='ltr'><strong>Osci</strong></span> <span class='ocrx_word' id='word_1_130' title='bbox 911 2415 953 2472; x_wconf 92' lang='lat' dir='ltr'><strong>ad</strong></span> <span class='ocrx_word' id='word_1_131' title='bbox 969 2414 1051 2471; x_wconf 87' lang='lat' dir='ltr'><strong>verbi</strong></span> <span class='ocrx_word' id='word_1_132' title='bbox 1071 2414 1219 2488; x_wconf 89' lang='lat' dir='ltr'><strong>cuiusque</strong></span> <span class='ocrx_word' id='word_1_133' title='bbox 1231 2413 1400 2488; x_wconf 88' lang='lat' dir='ltr'><strong>perfectum</strong></span> 
     </span>
     <span class='ocr_line' id='line_1_20' title="bbox 484 2513 1376 2594; baseline 0.001 -23"><span class='ocrx_word' id='word_1_134' title='bbox 484 2516 686 2572; x_wconf 82' lang='lat' dir='ltr'><strong>adnectentes</strong></span> <span class='ocrx_word' id='word_1_135' title='bbox 711 2515 844 2572; x_wconf 89' lang='lat' dir='ltr'><strong>futurum</strong></span> <span class='ocrx_word' id='word_1_136' title='bbox 866 2515 948 2573; x_wconf 90' lang='lat' dir='ltr'><strong>verbi</strong></span> <span class='ocrx_word' id='word_1_137' title='bbox 974 2514 1165 2580; x_wconf 85' lang='lat' dir='ltr'><strong>substantivi,</strong></span> <span class='ocrx_word' id='word_1_138' title='bbox 1177 2513 1250 2593; x_wconf 80' lang='lat' dir='ltr'><strong>sust</strong></span> <span class='ocrx_word' id='word_1_139' title='bbox 1258 2513 1376 2594; x_wconf 80' lang='lat' dir='ltr'><strong>jurent.</strong></span> 
     </span>
     <span class='ocr_line' id='line_1_21' title="bbox 401 2612 1401 2692; baseline 0 -20"><span class='ocrx_word' id='word_1_140' title='bbox 401 2616 476 2690; x_wconf 91' lang='lat' dir='ltr'><strong>sing.</strong></span> <span class='ocrx_word' id='word_1_141' title='bbox 501 2618 519 2674; x_wconf 78' lang='lat'><strong>2</strong></span> <span class='ocrx_word' id='word_1_142' title='bbox 543 2612 741 2692; x_wconf 82' lang='lat' dir='ltr'><strong>ampr-e-suus</strong></span> <span class='ocrx_word' id='word_1_143' title='bbox 753 2616 904 2683; x_wconf 77' lang='lat' dir='ltr'><strong>ambieriS,</strong></span> <span class='ocrx_word' id='word_1_144' title='bbox 929 2614 1085 2673; x_wconf 82' lang='lat' dir='ltr'><strong>kuvurt-us</strong></span> <span class='ocrx_word' id='word_1_145' title='bbox 1100 2616 1297 2683; x_wconf 89' lang='lat' dir='ltr'><strong>convorteris,</strong></span> <span class='ocrx_word' id='word_1_146' title='bbox 1314 2615 1401 2672; x_wconf 83' lang='lat' dir='ltr'><strong>benus</strong></span> 
     </span>
     <span class='ocr_line' id='line_1_22' title="bbox 542 2713 1065 2792; baseline 0.004 -20"><span class='ocrx_word' id='word_1_147' title='bbox 542 2718 669 2783; x_wconf 81' lang='lat' dir='ltr'><strong>veneris,</strong></span> <span class='ocrx_word' id='word_1_148' title='bbox 692 2717 793 2790; x_wconf 72' lang='lat' dir='ltr'><strong>opalus</strong></span> <span class='ocrx_word' id='word_1_149' title='bbox 812 2735 867 2791; x_wconf 93' lang='lat' dir='ltr'><strong>pro</strong></span> <span class='ocrx_word' id='word_1_150' title='bbox 891 2713 1065 2792; x_wconf 72' lang='lat' dir='ltr'><strong>anpenassu.</strong></span> 
     </span>
     <span class='ocr_line' id='line_1_23' title="bbox 402 2813 1399 2896; baseline 0.002 -21"><span class='ocrx_word' id='word_1_151' title='bbox 402 2818 479 2891; x_wconf 89' lang='lat' dir='ltr'><strong>sing.</strong></span> <span class='ocrx_word' id='word_1_152' title='bbox 503 2820 521 2877; x_wconf 88' lang='lat'>3</span> <span class='ocrx_word' id='word_1_153' title='bbox 545 2813 716 2892; x_wconf 72' lang='lat' dir='ltr'><strong>aterio-sust,</strong></span> <span class='ocrx_word' id='word_1_154' title='bbox 734 2818 856 2874; x_wconf 80' lang='lat' dir='ltr'><strong>entelust</strong></span> <span class='ocrx_word' id='word_1_155' title='bbox 864 2833 919 2891; x_wconf 92' lang='lat' dir='ltr'><strong>pro</strong></span> <span class='ocrx_word' id='word_1_156' title='bbox 933 2816 1103 2896; x_wconf 58' lang='lat' dir='ltr'><strong>entenayusl,</strong></span> <span class='ocrx_word' id='word_1_157' title='bbox 1116 2826 1219 2875; x_wconf 86' lang='lat' dir='ltr'><strong>cetera</strong></span> <span class='ocrx_word' id='word_1_158' title='bbox 1230 2836 1285 2892; x_wconf 88' lang='lat' dir='ltr'><strong>per</strong></span> <span class='ocrx_word' id='word_1_159' title='bbox 1296 2824 1343 2874; x_wconf 77' lang='lat' dir='ltr'><strong>usi</strong></span> <span class='ocrx_word' id='word_1_160' title='bbox 1353 2838 1399 2879; x_wconf 86' lang='lat' dir='ltr'><strong>us:</strong></span> 
     </span>
     <span class='ocr_line' id='line_1_24' title="bbox 541 2919 1400 2993; baseline 0.002 -19"><span class='ocrx_word' id='word_1_161' title='bbox 541 2920 599 2974; x_wconf 76' lang='lat' dir='ltr'><strong>iusi</strong></span> <span class='ocrx_word' id='word_1_162' title='bbox 619 2920 696 2977; x_wconf 89' lang='lat' dir='ltr'><strong>ierit.</strong></span> <span class='ocrx_word' id='word_1_163' title='bbox 722 2924 890 2992; x_wconf 82' lang='lat' dir='ltr'><strong>peperscusl</strong></span> <span class='ocrx_word' id='word_1_164' title='bbox 907 2919 978 2992; x_wconf 90' lang='lat' dir='ltr'><strong>imp.</strong></span> <span class='ocrx_word' id='word_1_165' title='bbox 990 2924 1102 2993; x_wconf 80' lang='lat' dir='ltr'><strong>perslu,</strong></span> <span class='ocrx_word' id='word_1_166' title='bbox 1126 2921 1268 2976; x_wconf 81' lang='lat' dir='ltr'><strong>dersicusl</strong></span> <span class='ocrx_word' id='word_1_167' title='bbox 1281 2921 1400 2989; x_wconf 86' lang='lat' dir='ltr'><strong>dixerit,</strong></span> 
     </span>
     <span class='ocr_line' id='line_1_25' title="bbox 543 3017 1401 3099; baseline 0.001 -22"><span class='ocrx_word' id='word_1_168' title='bbox 543 3021 653 3077; x_wconf 82' lang='lat' dir='ltr'><strong>dz&#39;rsust</strong></span> <span class='ocrx_word' id='word_1_169' title='bbox 680 3021 810 3081; x_wconf 89' lang='lat' dir='ltr'><strong>dederit.</strong></span> <span class='ocrx_word' id='word_1_170' title='bbox 853 3019 964 3099; x_wconf 80' lang='lat' dir='ltr'><strong>sakust</strong></span> <span class='ocrx_word' id='word_1_171' title='bbox 994 3017 1082 3095; x_wconf 85' lang='lat' dir='ltr'><strong>(osce</strong></span> <span class='ocrx_word' id='word_1_172' title='bbox 1100 3019 1248 3099; x_wconf 77' lang='lat' dir='ltr'><strong>scsocust)</strong></span> <span class='ocrx_word' id='word_1_173' title='bbox 1284 3020 1401 3089; x_wconf 87' lang='lat' dir='ltr'><strong>fecerit,</strong></span> 
     </span>
     <span class='ocr_line' id='line_1_26' title="bbox 543 3122 1399 3198; baseline 0.001 -19"><span class='ocrx_word' id='word_1_174' title='bbox 543 3129 645 3180; x_wconf 74' lang='lat' dir='ltr'><strong>curlus</strong></span> <span class='ocrx_word' id='word_1_175' title='bbox 660 3123 793 3192; x_wconf 84' lang='lat' dir='ltr'><strong>vorterit,</strong></span> <span class='ocrx_word' id='word_1_176' title='bbox 816 3122 909 3180; x_wconf 78' lang='lat' dir='ltr'><strong>hobus</strong></span> <span class='ocrx_word' id='word_1_177' title='bbox 923 3123 1073 3183; x_wconf 90' lang='lat' dir='ltr'><strong>habuerit.</strong></span> <span class='ocrx_word' id='word_1_178' title='bbox 1089 3130 1210 3198; x_wconf 78' lang='lat' dir='ltr'><strong>portast</strong></span> <span class='ocrx_word' id='word_1_179' title='bbox 1229 3141 1247 3180; x_wconf 88' lang='lat' dir='ltr'><strong>a</strong></span> <span class='ocrx_word' id='word_1_180' title='bbox 1264 3123 1399 3182; x_wconf 89' lang='lat' dir='ltr'><strong>themate</strong></span> 
     </span>
     <span class='ocr_line' id='line_1_27' title="bbox 541 3224 1400 3301; baseline 0.001 -21"><span class='ocrx_word' id='word_1_181' title='bbox 541 3224 670 3301; x_wconf 88' lang='lat' dir='ltr'><strong>perfecti</strong></span> <span class='ocrx_word' id='word_1_182' title='bbox 693 3224 831 3280; x_wconf 87' lang='lat' dir='ltr'><strong>breviore</strong></span> <span class='ocrx_word' id='word_1_183' title='bbox 854 3225 923 3299; x_wconf 87' lang='lat' dir='ltr'><strong>imp.</strong></span> <span class='ocrx_word' id='word_1_184' title='bbox 933 3230 1066 3298; x_wconf 80' lang='lat' dir='ltr'><strong>portatu.</strong></span> <span class='ocrx_word' id='word_1_185' title='bbox 1092 3235 1124 3281; x_wconf 90' lang='lat' dir='ltr'><strong>at</strong></span> <span class='ocrx_word' id='word_1_186' title='bbox 1138 3226 1253 3282; x_wconf 81' lang='lat' dir='ltr'><strong>uestz&#39;cos</strong></span> <span class='ocrx_word' id='word_1_187' title='bbox 1265 3244 1304 3282; x_wconf 85' lang='lat' dir='ltr'><strong>ex</strong></span> <span class='ocrx_word' id='word_1_188' title='bbox 1316 3226 1400 3283; x_wconf 80' lang='lat' dir='ltr'><strong>vesli-</strong></span> 
     </span>
     <span class='ocr_line' id='line_1_28' title="bbox 542 3327 882 3410; baseline 0.003 -28"><span class='ocrx_word' id='word_1_189' title='bbox 542 3332 625 3382; x_wconf 81' lang='lat' dir='ltr'><strong>causl</strong></span> <span class='ocrx_word' id='word_1_190' title='bbox 643 3327 714 3401; x_wconf 90' lang='lat' dir='ltr'><strong>imp.</strong></span> <span class='ocrx_word' id='word_1_191' title='bbox 739 3327 882 3410; x_wconf 68' lang='lat' dir='ltr'><strong>perticata.</strong></span> 
     </span>
     <span class='ocr_line' id='line_1_29' title="bbox 400 3423 1399 3504; baseline 0.001 -20"><span class='ocrx_word' id='word_1_192' title='bbox 400 3428 473 3501; x_wconf 91' lang='lat' dir='ltr'><strong>plur.</strong></span> <span class='ocrx_word' id='word_1_193' title='bbox 499 3431 516 3486; x_wconf 85' lang='lat'><strong>3</strong></span> <span class='ocrx_word' id='word_1_194' title='bbox 541 3423 772 3503; x_wconf 63' lang='lat' dir='ltr'><strong>ambr-rsuram</strong></span> <span class='ocrx_word' id='word_1_195' title='bbox 787 3428 956 3487; x_wconf 88' lang='lat' dir='ltr'><strong>ambierint.</strong></span> <span class='ocrx_word' id='word_1_196' title='bbox 978 3428 1181 3501; x_wconf 76' lang='lat' dir='ltr'><strong>pepurlrurenl</strong></span> <span class='ocrx_word' id='word_1_197' title='bbox 1192 3429 1399 3504; x_wconf 81' lang='lat' dir='ltr'><strong>poposcerint,</strong></span> 
     </span>
     <span class='ocr_line' id='line_1_30' title="bbox 542 3528 1400 3605; baseline 0.003 -21"><span class='ocrx_word' id='word_1_198' title='bbox 542 3529 723 3584; x_wconf 80' lang='lat' dir='ltr'><strong>dersz&#39;curent</strong></span> <span class='ocrx_word' id='word_1_199' title='bbox 744 3528 883 3588; x_wconf 88' lang='lat' dir='ltr'><strong>dixerint.</strong></span> <span class='ocrx_word' id='word_1_200' title='bbox 918 3530 1062 3585; x_wconf 81' lang='lat' dir='ltr'><strong>eiscurent</strong></span> <span class='ocrx_word' id='word_1_201' title='bbox 1080 3531 1282 3600; x_wconf 90' lang='lat' dir='ltr'><strong>arcessierint,</strong></span> <span class='ocrx_word' id='word_1_202' title='bbox 1299 3531 1400 3605; x_wconf 81' lang='lat' dir='ltr'><strong>prusi-</strong></span> 
     </span>
     <span class='ocr_line' id='line_1_31' title="bbox 543 3626 1404 3706; baseline 0.002 -20"><span class='ocrx_word' id='word_1_203' title='bbox 543 3630 649 3686; x_wconf 77' lang='lat' dir='ltr'><strong>kurent</strong></span> <span class='ocrx_word' id='word_1_204' title='bbox 678 3636 877 3704; x_wconf 80' lang='lat' dir='ltr'><strong>procanurent</strong></span> <span class='ocrx_word' id='word_1_205' title='bbox 902 3626 1055 3706; x_wconf 80' lang='lat' dir='ltr'><strong>fakurent</strong></span> <span class='ocrx_word' id='word_1_206' title='bbox 1085 3630 1232 3688; x_wconf 71' lang='lat' dir='ltr'><strong>labarent</strong></span> <span class='ocrx_word' id='word_1_207' title='bbox 1264 3631 1404 3688; x_wconf 82' lang='lat' dir='ltr'><strong>benurenl</strong></span> 
     </span>
     <span class='ocr_line' id='line_1_32' title="bbox 541 3730 1397 3807; baseline 0.004 -20"><span class='ocrx_word' id='word_1_208' title='bbox 541 3730 581 3787; x_wconf 95' lang='lat' dir='ltr'><strong>ob</strong></span> <span class='ocrx_word' id='word_1_209' title='bbox 604 3731 867 3806; x_wconf 87' lang='lat' dir='ltr'><strong>praepositionem</strong></span> <span class='ocrx_word' id='word_1_210' title='bbox 894 3732 1024 3789; x_wconf 84' lang='lat' dir='ltr'><strong>aliamve</strong></span> <span class='ocrx_word' id='word_1_211' title='bbox 1052 3751 1178 3790; x_wconf 89' lang='lat' dir='ltr'><strong>causam</strong></span> <span class='ocrx_word' id='word_1_212' title='bbox 1206 3733 1320 3790; x_wconf 90' lang='lat' dir='ltr'><strong>omissa</strong></span> <span class='ocrx_word' id='word_1_213' title='bbox 1345 3751 1397 3807; x_wconf 87' lang='lat' dir='ltr'><strong>ge·</strong></span> 
     </span>
     <span class='ocr_line' id='line_1_33' title="bbox 538 3832 716 3890; baseline 0.011 -2"><span class='ocrx_word' id='word_1_214' title='bbox 538 3832 716 3890; x_wconf 86' lang='lat' dir='ltr'><strong>minatione.</strong></span> 
     </span>
     <span class='ocr_line' id='line_1_34' title="bbox 249 3932 1399 4010; baseline 0.003 -23"><span class='ocrx_word' id='word_1_215' title='bbox 249 3939 357 4004; x_wconf 87' lang='lat' dir='ltr'><strong>quater</strong></span> <span class='ocrx_word' id='word_1_216' title='bbox 380 3938 436 3989; x_wconf 92' lang='lat' dir='ltr'><strong>vet.</strong></span> <span class='ocrx_word' id='word_1_217' title='bbox 453 3932 584 4005; x_wconf 73' lang='lat' dir='ltr'><strong>purtziits</strong></span> <span class='ocrx_word' id='word_1_218' title='bbox 614 3933 747 4006; x_wconf 89' lang='lat' dir='ltr'><strong>legitime</strong></span> <span class='ocrx_word' id='word_1_219' title='bbox 771 3934 906 4006; x_wconf 71' lang='lat' dir='ltr'><strong>aporii·</strong></span> <span class='ocrx_word' id='word_1_220' title='bbox 929 3934 1098 4008; x_wconf 87' lang='lat' dir='ltr'><strong>porrexeris</strong></span> <span class='ocrx_word' id='word_1_221' title='bbox 1127 3951 1180 3990; x_wconf 91' lang='lat' dir='ltr'><strong>seu</strong></span> <span class='ocrx_word' id='word_1_222' title='bbox 1211 3935 1306 3992; x_wconf 91' lang='lat' dir='ltr'><strong>mavis</strong></span> <span class='ocrx_word' id='word_1_223' title='bbox 1329 3952 1399 4010; x_wconf 89' lang='lat' dir='ltr'><strong>por·</strong></span> 
     </span>
     <span class='ocr_line' id='line_1_35' title="bbox 249 4033 1397 4110; baseline 0.002 -21"><span class='ocrx_word' id='word_1_224' title='bbox 249 4033 368 4105; x_wconf 82' lang='lat' dir='ltr'><strong>receris,</strong></span> <span class='ocrx_word' id='word_1_225' title='bbox 392 4033 485 4090; x_wconf 88' lang='lat' dir='ltr'><strong>semel</strong></span> <span class='ocrx_word' id='word_1_226' title='bbox 509 4033 606 4092; x_wconf 83' lang='lat' dir='ltr'><strong>1A33</strong></span> <span class='ocrx_word' id='word_1_227' title='bbox 624 4034 769 4107; x_wconf 75' lang='lat' dir='ltr'><strong>purlaiz&#39;us</strong></span> <span class='ocrx_word' id='word_1_228' title='bbox 788 4034 873 4108; x_wconf 93' lang='lat' dir='ltr'><strong>quod</strong></span> <span class='ocrx_word' id='word_1_229' title='bbox 886 4035 1046 4109; x_wconf 90' lang='lat' dir='ltr'><strong>sculptoris</strong></span> <span class='ocrx_word' id='word_1_230' title='bbox 1060 4044 1192 4092; x_wconf 89' lang='lat' dir='ltr'><strong>erratum</strong></span> <span class='ocrx_word' id='word_1_231' title='bbox 1207 4045 1293 4110; x_wconf 83' lang='lat' dir='ltr'><strong>put0,</strong></span> <span class='ocrx_word' id='word_1_232' title='bbox 1316 4038 1397 4093; x_wconf 90' lang='lat' dir='ltr'><strong>adeo</strong></span> 
     </span>
     <span class='ocr_line' id='line_1_36' title="bbox 250 4135 1398 4212; baseline 0.003 -22"><span class='ocrx_word' id='word_1_233' title='bbox 250 4135 382 4210; x_wconf 91' lang='lat' dir='ltr'><strong>proclive</strong></span> <span class='ocrx_word' id='word_1_234' title='bbox 406 4145 472 4191; x_wconf 88' lang='lat' dir='ltr'><strong>erat</strong></span> <span class='ocrx_word' id='word_1_235' title='bbox 493 4136 604 4194; x_wconf 89' lang='lat' dir='ltr'><strong>iterare</strong></span> <span class='ocrx_word' id='word_1_236' title='bbox 627 4136 774 4212; x_wconf 84' lang='lat' dir='ltr'><strong>syllabam</strong></span> <span class='ocrx_word' id='word_1_237' title='bbox 797 4146 851 4193; x_wconf 92' lang='lat' dir='ltr'><strong>aut</strong></span> <span class='ocrx_word' id='word_1_238' title='bbox 872 4136 1056 4211; x_wconf 88' lang='lat' dir='ltr'><strong>interpolare</strong></span> <span class='ocrx_word' id='word_1_239' title='bbox 1080 4137 1248 4196; x_wconf 88' lang='lat' dir='ltr'><strong>litterulam.</strong></span> <span class='ocrx_word' id='word_1_240' title='bbox 1295 4156 1398 4195; x_wconf 91' lang='lat' dir='ltr'><strong>verum</strong></span> 
     </span>
     <span class='ocr_line' id='line_1_37' title="bbox 250 4226 1398 4314; baseline 0.003 -22"><span class='ocrx_word' id='word_1_241' title='bbox 250 4235 344 4292; x_wconf 91' lang='lat' dir='ltr'><strong>semel</strong></span> <span class='ocrx_word' id='word_1_242' title='bbox 364 4237 424 4291; x_wconf 88' lang='lat' dir='ltr'><strong>iam</strong></span> <span class='ocrx_word' id='word_1_243' title='bbox 442 4236 544 4294; x_wconf 88' lang='lat' dir='ltr'><strong>eidem</strong></span> <span class='ocrx_word' id='word_1_244' title='bbox 561 4246 723 4312; x_wconf 83' lang='lat' dir='ltr'><strong>praeterea</strong></span> <span class='ocrx_word' id='word_1_245' title='bbox 738 4226 902 4311; x_wconf 73' lang='lat' dir='ltr'><strong>purtzizlus,</strong></span> <span class='ocrx_word' id='word_1_246' title='bbox 925 4256 982 4296; x_wconf 90' lang='lat' dir='ltr'><strong>rec.</strong></span> <span class='ocrx_word' id='word_1_247' title='bbox 1006 4256 1171 4314; x_wconf 91' lang='lat' dir='ltr'><strong>numquam</strong></span> <span class='ocrx_word' id='word_1_248' title='bbox 1190 4239 1321 4313; x_wconf 78' lang='lat' dir='ltr'><strong>pardius</strong></span> <span class='ocrx_word' id='word_1_249' title='bbox 1343 4241 1398 4296; x_wconf 90' lang='lat' dir='ltr'><strong>sed</strong></span> 
     </span>
     <span class='ocr_line' id='line_1_38' title="bbox 251 4319 1396 4413; baseline 0.002 -19"><span class='ocrx_word' id='word_1_250' title='bbox 251 4347 429 4395; x_wconf 83' lang='lat' dir='ltr'><strong>constanter</strong></span> <span class='ocrx_word' id='word_1_251' title='bbox 448 4319 637 4412; x_wconf 70' lang='lat' dir='ltr'><strong>pardebir&#39;ust</strong></span> <span class='ocrx_word' id='word_1_252' title='bbox 650 4329 828 4413; x_wconf 78' lang='lat' dir='ltr'><strong>purdt&#39;nlust</strong></span> <span class='ocrx_word' id='word_1_253' title='bbox 843 4341 1016 4412; x_wconf 80' lang='lat' dir='ltr'><strong>purdinsus,</strong></span> <span class='ocrx_word' id='word_1_254' title='bbox 1049 4341 1123 4398; x_wconf 87' lang='lat' dir='ltr'><strong>item</strong></span> <span class='ocrx_word' id='word_1_255' title='bbox 1146 4341 1205 4397; x_wconf 89' lang='lat' dir='ltr'><strong>alia</strong></span> <span class='ocrx_word' id='word_1_256' title='bbox 1228 4342 1290 4397; x_wconf 91' lang='lat' dir='ltr'><strong>duo</strong></span> <span class='ocrx_word' id='word_1_257' title='bbox 1314 4358 1396 4397; x_wconf 90' lang='lat' dir='ltr'><strong>com·</strong></span> 
     </span>
     <span class='ocr_line' id='line_1_39' title="bbox 249 4427 1401 4518; baseline 0.003 -24"><span class='ocrx_word' id='word_1_258' title='bbox 249 4439 350 4513; x_wconf 88' lang='lat' dir='ltr'><strong>posita</strong></span> <span class='ocrx_word' id='word_1_259' title='bbox 382 4439 573 4513; x_wconf 90' lang='lat' dir='ltr'><strong>protulerunt</strong></span> <span class='ocrx_word' id='word_1_260' title='bbox 607 4440 829 4497; x_wconf 72' lang='lat' dir='ltr'><strong>drilerale&#39;nsust</strong></span> <span class='ocrx_word' id='word_1_261' title='bbox 860 4451 891 4500; x_wconf 89' lang='lat' dir='ltr'><strong>et</strong></span> <span class='ocrx_word' id='word_1_262' title='bbox 926 4427 1156 4518; x_wconf 79' lang='lat' dir='ltr'><strong>combifianiiusl</strong></span> <span class='ocrx_word' id='word_1_263' title='bbox 1186 4430 1401 4514; x_wconf 80' lang='lat' dir='ltr'><strong>combifionlust</strong></span> 
     </span>
     <span class='ocr_line' id='line_1_40' title="bbox 247 4539 1401 4615; baseline 0.003 -19"><span class='ocrx_word' id='word_1_264' title='bbox 247 4541 319 4615; x_wconf 87' lang='lat' dir='ltr'><strong>imp.</strong></span> <span class='ocrx_word' id='word_1_265' title='bbox 340 4539 510 4614; x_wconf 83' lang='lat' dir='ltr'><strong>combifialu.</strong></span> <span class='ocrx_word' id='word_1_266' title='bbox 543 4540 662 4598; x_wconf 87' lang='lat' dir='ltr'><strong>diversa</strong></span> <span class='ocrx_word' id='word_1_267' title='bbox 686 4559 725 4597; x_wconf 91' lang='lat' dir='ltr'><strong>ne</strong></span> <span class='ocrx_word' id='word_1_268' title='bbox 752 4541 1015 4604; x_wconf 83' lang='lat' dir='ltr'><strong>confunderentur</strong></span> <span class='ocrx_word' id='word_1_269' title='bbox 1036 4544 1067 4600; x_wconf 90' lang='lat' dir='ltr'><strong>in</strong></span> <span class='ocrx_word' id='word_1_270' title='bbox 1092 4543 1306 4608; x_wconf 86' lang='lat' dir='ltr'><strong>declinatione,</strong></span> <span class='ocrx_word' id='word_1_271' title='bbox 1333 4559 1401 4614; x_wconf 88' lang='lat' dir='ltr'><strong>per·</strong></span> 
     </span>
     <span class='ocr_line' id='line_1_41' title="bbox 249 4641 1408 4719; baseline 0.005 -21"><span class='ocrx_word' id='word_1_272' title='bbox 249 4641 330 4700; x_wconf 85' lang='lat' dir='ltr'><strong>fecto</strong></span> <span class='ocrx_word' id='word_1_273' title='bbox 354 4642 521 4701; x_wconf 86' lang='lat' dir='ltr'><strong>adhibuere</strong></span> <span class='ocrx_word' id='word_1_274' title='bbox 544 4658 734 4717; x_wconf 87' lang='lat' dir='ltr'><strong>paragogam</strong></span> <span class='ocrx_word' id='word_1_275' title='bbox 757 4643 1001 4719; x_wconf 76' lang='lat' dir='ltr'><strong>derivaruntque</strong></span> <span class='ocrx_word' id='word_1_276' title='bbox 1022 4647 1070 4704; x_wconf 85' lang='lat' dir='ltr'><strong>illa</strong></span> <span class='ocrx_word' id='word_1_277' title='bbox 1091 4646 1182 4717; x_wconf 91' lang='lat' dir='ltr'><strong>quasi</strong></span> <span class='ocrx_word' id='word_1_278' title='bbox 1206 4660 1241 4702; x_wconf 83' lang='lat' dir='ltr'><strong>ex</strong></span> <span class='ocrx_word' id='word_1_279' title='bbox 1268 4644 1408 4714; x_wconf 87' lang='lat' dir='ltr'><strong>appella·</strong></span> 
     </span>
    </p>
   </div>
   <div class='ocr_carea' id='block_1_5' title="bbox 0 0 1878 5364">
    <p class='ocr_par' dir='ltr' id='par_1_8' title="bbox 0 0 1878 5364">
     <span class='ocr_line' id='line_1_42' title="bbox 0 0 1878 5364; baseline 0 0"><span class='ocrx_word' id='word_1_280' title='bbox 0 0 1878 5364; x_wconf 95' lang='lat' dir='ltr'><strong> </strong></span> 
     </span>
    </p>
   </div>
  </div>
 </body>
</html>
