3742 5364
694 350 753 407 139
1260 334 1374 406 ‘11r41

74 535 156 617 pide
178 556 289 616 punes
309 544 489 615 vepuratu.
509 535 513 610 ί
533 530 698 593 antakres
712 555 736 593 n
752 535 862 608 capide
886 552 1000 609 poscae
1015 535 1204 608 restinguito.
1226 527 1230 609 ί
1250 531 1376 607 integris

74 636 237 699 kumates
269 635 478 716 persnihmu.
528 631 723 712 amparih·-
750 635 933 693 commolitis
949 635 1131 710 supplicato.
1164 635 1289 708 surgito,
1313 641 1375 691 sta·

75 755 144 808 mu,
168 735 287 798 statita
305 737 464 798 subahtU.
489 730 700 814 esunuipur·
752 744 818 793 tuta
841 736 1004 795 demittit0.
1044 754 1163 793 sacrum
1183 729 1375 812 {porrectum

74 835 141 898 titu
163 834 247 897 futu.
291 835 388 899 katel
420 835 531 897 asaku
559 833 700 914 pelsans
752 846 829 894 esto.
864 838 982 895 catulus
998 839 1081 913 apud
1103 855 1187 894 aram
1207 837 1375 920 pelsandus

74 934 185 1012 futui
751 932 854 1016 θεῖοί

118 1036 321 1100 Kvestretie
349 1033 451 1099 usage
474 1055 578 1098 svesu
600 1026 700 1098 vuvsi
793 1036 984 1108 Quaesturae
1012 1057 1131 1096 annuae
1161 1057 1249 1097 suum
1272 1048 1375 1096 votum

75 1138 255 1202 stiteteies
676 1191 678 1196 .
750 1139 891 1197 stiterint.

74 1450 157 1524 pitur
177 1464 278 1521 neque
301 1462 373 1500 vero
396 1451 471 1501 tota.
517 1442 559 1498 ita
575 1440 687 1498 Graeci
710 1442 882 1517 distingunt
904 1443 963 1516 τῆς
978 1443 1038 1516 γῇς
1054 1437 1169 1519 ἔτεμον
1186 1452 1217 1499 et
1232 1440 1290 1516 τὴν
1305 1444 1373 1516 γῆν,

76 1545 169 1611 οἴνου
191 1544 293 1608 πίνειν
317 1554 348 1602 et
370 1540 468 1618 οἶνον,
491 1543 557 1603 τῶν
581 1539 699 1603 ἑαυτοῦ
722 1544 837 1603 δοῦναι
870 1554 902 1601 et
933 1541 973 1604 τὰ
996 1540 1124 1605 ἑαυτοῦ.
1178 1563 1236 1602 nec
1258 1544 1374 1601 Latinis

74 1650 231 1707 insolitum
252 1649 312 1704 tale
341 1646 457 1702 Ταινίαι
477 1645 638 1719 quzizdecim
660 1645 755 1701 virum
776 1646 868 1700 sacris
879 1645 912 1724 s.

176 1751 215 1807 42
239 1767 308 1805 cum
323 1748 353 1803 in
369 1747 434 1803 aliis
450 1745 604 1804 sacrificiis
626 1744 746 1800 comalr'r
761 1745 944 1819 perrnz'hz'mu
967 1755 999 1802 et
1015 1746 1167 1819 purdz'lom
1179 1745 1251 1824 sust
1271 1747 1374 1801 statim

75 1853 155 1908 inter
177 1868 210 1906 se
233 1850 388 1924 excipiant
410 1850 452 1904 ad
473 1847 694 1904 declarandum
717 1846 759 1902 rei
783 1847 904 1902 divinae
928 1846 1041 1901 exitum
1058 1839 1131 1922 (Vn
1145 1846 1171 1901 A
1185 1840 1245 1920 45),
1271 1845 1301 1900 in
1316 1845 1375 1902 hoc
1465 1844 1470 1851 '

36 1992 41 2000 .
76 1954 141 2009 duo
164 1950 370 2008 interveniunt
391 1955 568 2023 praecepta,
592 1964 723 2021 quorum
744 1947 896 2021 posterius
928 1947 969 2002 ad
1001 1945 1222 2019 supellectilem
1255 1952 1376 2020 spectat
1416 1944 1420 1950 ’

75 2054 161 2110 utin
185 2071 237 2110 ara
261 2069 340 2125 quae
365 2058 479 2108 statuta
502 2057 573 2106 sunt
604 2050 815 2106 subducantur
841 2057 873 2104 et
903 2048 1110 2106 demittantur.
1153 2048 1254 2103 stattia
1287 2047 1375 2104 aliter

75 2155 260 2211 declinatum
283 2162 331 2210 est
353 2170 389 2209 ae
410 2152 543 2207 stalziatu
566 2170 592 2207 ν.
608 2152 657 2218 32,
681 2150 754 2206 illud
776 2159 809 2206 ut
832 2144 936 2205 au'dt‘ta
960 2156 1080 2225 arguto,
1102 2149 1164 2206 hoc
1185 2155 1218 2231 πί
1241 2148 1376 2204 auditavi

76 2260 251 2329 argutatum
274 2253 504 2327 significationis
525 2254 639 2309 nullum
655 2259 784 2326 apparet
800 2252 974 2319 discrimen,
997 2260 1087 2326 putes
1105 2251 1210 2307 taedio
1234 2251 1372 2325 parilium
1455 2263 1456 2266 ’

77 2356 261 2430 syllabarum
283 2356 424 2411 evenisse
448 2363 480 2410 ut
502 2355 655 2429 potiorem
678 2353 828 2411 haberent
860 2353 1010 2428 participii
1043 2352 1172 2409 sormam
1195 2352 1372 2408 breviorem.
1413 2380 1415 2386 ·

74 2457 200 2514 subahlu
223 2456 326 2530 lingua
349 2456 518 2512 recentiore
541 2472 661 2511 versum
683 2463 731 2512 est
752 2455 783 2511 in
804 2452 916 2522 rubeta,
941 2455 980 2509 de
1004 2470 1064 2527 quo
1089 2453 1150 2509 dixi
1173 2454 1214 2509 ad
1236 2453 1280 2509 VI
1294 2454 1321 2508 A
1336 2455 1373 2511 27

76 2553 191 2634 (pbss).
221 2557 350 2615 alterum
364 2573 401 2612 ac
417 2557 497 2630 prius
515 2565 715 2630 praeceptum
731 2556 772 2611 ad
787 2556 881 2630 ipsius
897 2555 1033 2611 habitum
1049 2553 1246 2611 sacrificantis
1263 2554 1373 2610 attinet

76 2657 272 2732 amparz'lzmu.
308 2657 397 2713 activi
413 2656 533 2731 generis
549 2657 760 2730 imperativum
776 2657 904 2730 iegimus
918 2656 961 2712 III
977 2659 1016 2714 14
1032 2674 1122 2712 arven
1139 2656 1261 2711 kletram
1276 2665 1375 2728 ampa-

73 2762 136 2817 rr'lu
158 2758 239 2814 haud
263 2757 354 2814 dubie
376 2758 408 2813 in
428 2757 509 2815 hanc
532 2759 719 2814 sententiam
742 2759 898 2831 scriptum,
921 2765 955 2813 ut
976 2757 1087 2814 lectica
1108 2757 1248 2831 quaevis
1271 2757 1375 2813 adlata

75 2870 125 2918 est
148 2861 179 2917 in
202 2876 274 2916 arvo
297 2861 471 2933 imponatur
494 2868 525 2915 et
548 2868 712 2934 apparetur
732 2859 959 2918 extruendam
981 2860 1109 2915 modum
1132 2875 1213 2915 arae.
1248 2857 1374 2913 verbum

74 2963 148 3020 mihi
171 2964 254 3027 idem
275 2962 396 3018 videtur
410 2961 513 3017 inesse
530 2963 616 3036 quod
633 2961 664 3016 in
681 2960 781 3016 latinis
797 2959 926 3033 reperire
947 2959 1102 3034 comperzie
1125 2959 1262 3033 opperiri,
1285 2976 1375 3032 prae·

72 3064 188 3139 positio
211 3079 290 3136 quae
314 3062 345 3117 in
368 3067 486 3116 (intentu
509 3056 553 3134 ἀμ
574 3056 695 3120 πεδίον.
740 3060 789 3117 hic
814 3061 941 3117 nisime
964 3059 1040 3117 fallit
1063 3062 1228 3128 sententia,
1259 3059 1371 3117 sacrifi·

75 3165 159 3222 canti
181 3163 395 3238 praescribitur
417 3171 451 3218 ut
473 3172 578 3236 surgat
600 3171 750 3236 paretque
767 3180 800 3219 se
818 3163 859 3219 ad
883 3163 1009 3220 abitum.
1047 3162 1104 3218 etsi
1124 3162 1232 3218 sedere
1252 3179 1322 3218 eum
1345 3163 1375 3217 irr

73 3264 285 3339 superioribus
309 3279 372 3318 non
395 3270 443 3318 est
464 3271 630 3329 narratum,
654 3270 759 3319 tamen
774 3270 805 3319 et
820 3262 959 3337 potuisse
978 3262 1011 3319 id
1025 3261 1090 3318 fieri
1112 3269 1143 3318 et
1165 3261 1279 3318 factum
1302 3279 1371 3317 esse

75 3383 188 3441 reapse
211 3365 380 3422 admodum
403 3365 549 3421 credibile
573 3373 621 3421 est
637 3365 759 3448 conlata
774 3363 862 3421 huius
885 3364 963 3421 sacri
983 3364 1102 3421 ratione
1126 3381 1194 3420 cum
1217 3363 1267 3421 ilio
1290 3366 1375 3439 quod

73 3467 229 3544 perficitur
250 3466 292 3522 VI
304 3465 328 3522 B
342 3467 380 3522 22
404 3473 435 3521 et
458 3467 499 3524 40
511 3483 550 3524 ss
574 3465 616 3540 (p.
631 3468 693 3537 73).

176 3570 216 3626 43
239 3567 330 3623 moris
354 3573 419 3622 erat
442 3566 489 3622 dis
512 3566 580 3641 τοῖς
603 3565 661 3641 μὲν
684 3562 878 3640 ἐπιχθονίοις
900 3560 1037 3640 σφάζειν
1066 3561 1117 3624 ἐπὶ
1146 3563 1271 3641 βωμῶν,
1304 3565 1373 3640 τοῖς

73 3664 103 3730 δ’
127 3664 332 3742 ὑποχθονίοις
356 3663 408 3726 ἐπὶ
432 3663 568 3742 βόθρων,
603 3665 655 3727 καὶ
678 3665 787 3741 μέντοι
809 3664 860 3726 καί
893 3661 1025 3726 θάπτειν
1053 3662 1181 3746 τούτοις
1205 3662 1371 3741 θύσαντος

72 3768 117 3832 τὰ
139 3766 275 3844 σώματα
296 3767 493 3843 (Porphyrius
518 3770 642 3826 Eusebii
664 3787 770 3844 praep.
787 3787 833 3826 ev.
854 3768 897 3829 IV
910 3769 970 3836 9,3
994 3787 1026 3843 p.
1041 3770 1100 3827 146
1117 3761 1201 3844 vig.)
1225 3767 1263 3823 cf.
1277 3785 1306 3841 p.
1324 3769 1374 3825 38.
