3742 5364
694 348 751 404 111

74 540 191 593 stotar
236 512 366 593 Serfiar
403 511 521 593 Serfer
558 526 703 588 Martier

73 631 180 694 foner
194 630 275 694 frite
291 631 375 693 tiom
395 630 399 708 1
420 627 615 692 subocavu’.
645 648 702 690 en·

73 753 161 794 nom
172 733 311 813 persciu
327 752 387 794 eso
402 729 594 811 persnimu:
610 727 702 789 ‘Pre-

76 845 172 898 stota
184 819 296 899 Serfia
309 817 428 896 Serfer
440 830 593 902 Martier‚
618 829 703 890 tiom

1154 344 1233 404 VlIA
1241 350 1280 407 33
1296 349 1328 404 Itr
1340 351 1379 408 29

755 534 846 589 stitae
881 531 999 589 Certiae
1034 531 1112 588 Cerfi
1141 532 1244 590 Martii
1275 534 1379 591 volen-

754 634 792 689 tis
823 633 936 690 fiducia
969 643 1000 691 te
1020 631 1023 709 1
1043 629 1188 692 adoravi’.
1234 644 1297 691 tum
1324 634 1379 690 ob·

755 735 928 790 sectatione
966 735 1010 790 sic
1046 736 1240 808 precamino:
1277 730 1378 792 ‘Prae-

756 837 828 892 stita
887 833 985 890 Cerfia
1031 832 1110 892 Certi
1159 833 1281 905 Martii,
1347 847 1378 894 te
1417 882 1448 924 ,Α

74 936 141 998 isir
165 935 290 997 vesclir
313 932 410 1005 alfes,
448 932 532 993 tiom
563 920 742 1011 plenerib
755 936 801 992 his
852 935 980 991 vasculis
1017 935 1104 1004 albis,
1157 946 1187 993 te
1231 938 1329 1012 plenis
1369 934 1379 1005 1

74 1038 254 1118 popluper
287 1044 381 1097 totar
414 1033 575 1105 Iiovinar,
613 1042 702 1093 tota-

74 1158 144 1219 per
186 1137 338 1208 Iiovina,
384 1154 461 1198 erer
503 1152 702 1229 nomneper‚

77 1258 160 1301 erar
192 1256 391 1316 nomneper.
436 1235 600 1297 Prestota
623 1233 704 1297 Ser-

74 1340 126 1402 fia
150 1323 268 1404 Serfer
290 1337 444 1408 Marfier,
474 1336 558 1398 tiom
578 1339 581 1412 1
602 1335 703 1396 subo·

77 1462 187 1524 cavu*
218 1441 398 1503 Prestotar
421 1422 551 1500 Serfiar
586 1419 705 1500 Setfer

75 1541 227 1604 Martier
248 1540 349 1603 foner
372 1540 451 1602 frite
482 1539 568 1600 tiom
600 1539 703 1598 subo·

75 1643 187 1706 cavu'.
227 1662 329 1704 enom
362 1639 542 1712 vesticatu‚
578 1636 703 1700 abatri-

75 1756 234 1827 pursatu.
254 1745 259 1819 1
278 1741 408 1805 vestisa
431 1750 466 1804 et
488 1738 581 1801 mesa
605 1737 704 1818 speia

76 1845 205 1908 scalsie
222 1863 378 1924 eouegos
401 1840 474 1903 fetu
483 1841 512 1902 F
514 1841 602 1902 isovi
618 1836 703 1900 San·

77 1947 123 2007 sii
145 1946 318 2030 popiuper
343 1954 436 2004 totar
458 1941 620 2014 liovinar‚
653 1951 704 2001 to·

755 1054 810 1110 pro
819 1038 931 1110 populo
941 1037 1070 1094 civitatis
1077 1037 1233 1112 Iguvinae,
1243 1057 1299 1113 pro
1308 1039 1379 1095 civi-

756 1146 820 1193 tate
846 1135 983 1209 iguvina,
1017 1156 1073 1211 pro
1106 1140 1210 1214 populi
1243 1143 1378 1211 nomine,

755 1256 810 1312 pro
849 1240 979 1296 civitatis
1025 1241 1158 1298 nomine.
1228 1242 1378 1300 Praestita

757 1339 856 1398 Cerfia
891 1339 969 1397 Cerfi
1000 1340 1111 1412 Martii,
1173 1349 1204 1397 te
1233 1343 1237 1414 1
1268 1344 1379 1399 adora-

757 1441 793 1499 vi.
879 1441 1050 1516 Praestitae
1117 1441 1235 1501 Cerfiae
1299 1443 1378 1502 Certi

757 1541 858 1598 Martii
900 1543 1030 1601 volentis
1073 1544 1185 1600 fiducia
1229 1554 1259 1601 te
1303 1547 1379 1603 ado·

755 1637 836 1700 ravi’.
937 1655 1002 1702 tum
1057 1645 1170 1721 libato,
1244 1646 1379 1719 tripoda·

756 1753 797 1803 to,
818 1740 822 1816 1
843 1747 969 1802 vesticia
997 1756 1029 1802 et
1058 1743 1249 1820 mefa‘spefa
1273 1747 1304 1802 in
1326 1764 1380 1820 pa·

757 1854 822 1902 tera
843 1865 924 1919 genu
947 1848 1036 1903 nixus
1059 1847 1151 1905 facito
1167 1847 1290 1904 Fisovio
1304 1847 1381 1904 San-

757 1947 804 2002 cio
817 1965 872 2020 pro
885 1949 998 2020 populo
1013 1949 1142 2004 civitatis
1155 1947 1311 2021 Iguvinae,
1322 1966 1378 2022 pro

75 2058 181 2126 taper
203 2045 344 2109 Iiovina.
390 2054 510 2105 suront
536 2049 540 2117 1
569 2052 740 2112 natatum
757 2048 879 2104 civitate
922 2048 1056 2122 Iguvina.
1122 2048 1195 2103 item
1221 2044 1225 2120 1
1256 2059 1379 2107 narrato

76 2168 168 2228 puse
190 2156 271 2226 post
294 2145 385 2207 verit
408 2143 609 2205 Tesonocir.
648 2161 705 2202 ve·

77 2248 196 2310 stisiar
219 2268 296 2309 erus
320 2245 403 2308 ditu.
439 2264 528 2306 enno
552 2242 704 2313 vestisia

76 2347 174 2410 mesa
232 2345 331 2427 speia
383 2365 505 2425 sopam
558 2363 704 2425 purome

76 2448 240 2520 efurfatu‚
262 2449 266 2522 Ι
286 2449 391 2508 subra
424 2447 602 2527 spahamu,
636 2442 708 2505 tras

76 2552 237 2612 sahatam
259 2561 325 2611 etu.
364 2567 431 2627 ape
453 2548 554 2608 traha
575 2547 701 2607 sahata

76 2662 252 2719 covortus,
291 2669 417 2712 ennom
445 2648 607 2718 comoltu‚
647 2666 702 2707 co-

757 2159 789 2204 nt
811 2158 882 2222 post
904 2159 1025 2222 portam
1048 2147 1250 2206 Tesenacam.
1292 2151 1382 2206 vesti-

757 2251 824 2305 eiae
860 2268 929 2306 erus
963 2251 1047 2308 dato,
1113 2261 1178 2305 tum
1212 2251 1378 2318 vesticiam‚

756 2352 868 2408 metam
901 2351 1017 2425 spefam
1051 2369 1181 2425 suppam
1215 2352 1245 2405 in
1277 2352 1379 2426 ignem

756 2460 935 2524 expurgato,
957 2453 959 2523 1
980 2470 1071 2526 supra
1091 2453 1274 2525 gradimino,
1295 2461 1378 2509 trans

755 2562 893 2609 sanctam
926 2554 979 2609 ito,
1036 2554 1087 2609 ubi
1121 2564 1205 2610 trans
1239 2563 1379 2612 sanctam

755 2655 920 2721 retuderit,
966 2662 1028 2709 tum
1065 2656 1251 2727 commolito‚
1296 2672 1380 2711 com·

79 2751 183 2814 matir
204 2751 425 2832 persnihimu.
464 2747 561 2828 capii
575 2749 584 2820 1
601 2768 702 2808 sacra
715 2767 739 2803 40
753 2755 865 2810 molitis
886 2755 1071 2827 precamina
1117 2754 1379 2831 capidesisacras

80 2854 161 2916 aitu.
183 2855 187 2933 1

758 2856 848 2929 agito,
869 2852 872 2925 Ι

184 3062 222 3118 39
240 3078 261 3118 S.
289 3068 506 3132 praemonetur
531 3060 679 3115 sacerdos
703 3058 761 3115 hoc
785 3060 852 3114 loco
877 3068 910 3114 ut
934 3060 1060 3133 capides
1084 3078 1122 3115 ex
1145 3060 1204 3116 hoc
1233 3059 1380 3116 sacrificio

80 3171 228 3236 asportet.
266 3178 368 3234 neque
392 3161 473 3215 enim
496 3162 642 3216 continuo
659 3160 845 3216 auferendae
862 3170 932 3216 sunt
950 3163 1006 3216 sed
1022 3170 1132 3234 postea
1149 3162 1272 3216 demum
1288 3178 1380 3233 quam

80 3283 120 3320 ex
137 3265 224 3318 tertia
240 3263 374 3318 statione
391 3263 522 3330 redierit,
548 3281 639 3336 quam
655 3264 695 3319 ob
713 3281 776 3318 rem
791 3263 917 3318 iteratur
932 3262 991 3318 hoc
1007 3271 1205 3336 praeceptum
1227 3279 1315 3317 versu
1328 3263 1379 3320 45.

79 3365 190 3421 itidem
215 3363 315 3418 tabula
337 3363 350 3417 l
373 3361 431 3418 hoc
455 3363 523 3420 loco
548 3363 672 3419 exhibet
695 3363 767 3436 kopi
784 3363 874 3417 sakm
895 3363 963 3430 otiu,
998 3362 1097 3419 aesklu
1120 3369 1184 3417 actu
1209 3368 1276 3417 airu
1300 3360 1378 3438 alfia

79 3465 197 3522 deinde
221 3473 303 3519 trans
328 3472 465 3519 sanctam
488 3466 540 3520 ubi
564 3474 709 3538 operatus
732 3464 844 3518 ssamen
874 3473 921 3518 est
958 3465 1070 3537 repetit
1102 3463 1174 3536 kupr'
1192 3463 1282 3518 scira
1305 3464 1378 3529 aliu,

80 3566 181 3624 vesklu
204 3572 277 3622 aeta.
323 3567 494 3639 posteriore
517 3568 654 3623 membro
680 3567 764 3639 tangi
787 3567 876 3620 ritum
900 3566 960 3620 late
983 3566 1182 3639 perscriptum
1213 3565 1245 3620 in
1277 3564 1381 3620 tabula

80 3668 144 3724 VII
178 3668 269 3723 verba
294 3669 428 3723 colorem
451 3668 620 3724 indicantia
643 3670 867 3728 demonstrant,
900 3684 956 3738 per
989 3672 1052 3721 veta
1089 3674 1193 3722 autem
1227 3666 1379 3740 abigentis

80 3771 237 3844 quendam
259 3777 377 3825 motum
399 3769 539 3842 imperari
559 3778 589 3824 et
612 3768 718 3842 prioris
742 3767 868 3822 membri
884 3767 1052 3822 similitudo
1068 3769 1234 3840 persuadet
1257 3777 1289 3822 et
1313 3768 1380 3840 ipsa

78 3872 203 3928 iteratio
227 3888 306 3944 quae
327 3870 520 3925 sacrificandi
554 3880 606 3926 aut
639 3870 704 3924 eius
738 3869 859 3941 generis
883 3871 1006 3925 verbum
1029 3869 1154 3924 omnino
1188 3879 1378 3942 aspernatur.

80 3981 205 4045 etymon
228 3989 266 4028 eo
289 3971 388 4027 minus
411 3971 607 4044 perspicuum
630 3971 784 4042 estquod
807 3969 839 4025 in
861 3970 965 4024 medio
991 3969 1092 4024 littera
1115 3968 1308 4024 intercidisse
1326 3986 1381 4042 po·

82 4082 144 4129 test
168 4090 228 4128 una
253 4081 305 4128 aut
326 4072 431 4129 altera.
477 4070 648 4126 dubitarem
671 4073 766 4144 primo
790 4088 829 4125 an
857 4071 940 4125 idem
973 4079 1057 4126 esset
1081 4069 1205 4124 verbum
1237 4069 1326 4137 illud,
1350 4071 1381 4126 in

81 4194 145 4249 quo
169 4183 313 4248 tanquam
336 4173 416 4229 fores
445 4174 476 4228 in
510 4174 635 4228 cardine
671 4190 778 4246 preces
815 4190 922 4227 omnes
951 4181 1106 4227 vertuntur
1139 4188 1230 4244 super
1259 4172 1382 4228 vascula

81 4284 253 4350 conceptae
266 4274 427 4330 'chavendu
443 4275 605 4347 precanda,
629 4275 741 4329 etenim
757 4275 788 4328 in
805 4267 1015 4329 vetustioribus
1039 4274 1148 4329 tabuiis
1172 4278 1263 4329 uslelu
1279 4291 1382 4347 saepe,

81 4377 223 4435 scribitur
244 4393 299 4449 pro
323 4380 431 4430 ostentu
447 4375 572 4432 ostenda.
613 4376 670 4430 sed
686 4393 724 4429 ne
741 4375 771 4430 in
788 4377 974 4448 superiorem
993 4377 1118 4448 quidem
1134 4376 1244 4442 iocum,
1266 4376 1382 4431 nedum

81 4480 115 4535 in
138 4476 265 4533 alterum
285 4485 316 4532 et
339 4475 522 4542 inferiorem,
548 4477 677 4548 quadrat
702 4477 893 4532 vasculorum
917 4494 1048 4533 versura.
1096 4494 1197 4549 neque
1223 4494 1292 4532 vero
1315 4494 1382 4550 per·

80 4579 210 4635 mittitur
224 4579 415 4651 interpretari
430 4578 532 4644 vetar,
556 4579 699 4650 quoniam
715 4579 831 4634 adveatu
847 4578 993 4652 seriptum
1010 4597 1078 4634 cum
1098 4580 1112 4633 i
1131 4595 1253 4653 semper
1268 4578 1383 4633 inveni·

80 4699 149 4736 mus
166 4691 195 4736 et
211 4681 335 4740 kuaer'lu.
379 4683 447 4738 vide
464 4700 502 4736 uc
522 4683 605 4754 paria
628 4682 666 4736 ab
683 4682 775 4755 stirpe
799 4682 859 4737 sint
882 4688 945 4738 aeta
968 4689 997 4735 et
1014 4683 1097 4754 quod
1120 4681 1149 4735 in
1167 4682 1269 4738 carnis
1285 4677 1385 4732 distri-
