3742 5364
698 357 755 413 181

176 542 298 597 vocales
322 542 430 597 breves
447 559 510 596 non
529 549 638 596 acutae
662 540 823 607 eliduntur,
847 539 984 614 syllabae
1004 547 1135 614 pereunt
1152 547 1252 595 totae:
1276 540 1376 608 adeper

77 651 109 698 et
122 644 217 714 alipes,
242 624 368 714 Pzpnie
383 652 415 698 et
429 624 568 714 Pupdim,
594 646 722 697 coartari
742 648 865 716 praeter
887 647 996 697 conorl-
1019 646 1134 697 conert·.
1167 641 1243 694 meds
1265 639 1374 712 μήδος.

71 740 161 815 pr'lraz
183 741 283 817 piatus
307 743 349 799 sic
372 755 405 798 ut
428 743 557 799 damnas
581 759 637 816 pro
659 743 817 800 damnato,
865 741 993 797 Alr'rrst'r
1016 740 1108 797 Frir'm
1143 749 1177 797 ut
1206 739 1261 796 alis
1294 739 1375 805 alirn,

76 844 231 900 nominum
254 844 285 900 in
307 845 350 898 -ιό
373 843 580 900 desinentium
602 860 693 899 casus
716 842 774 899 uisi
789 842 958 898 necessitas
981 842 1149 916 pleniorem
1172 841 1300 898 formam
1323 859 1374 896 ex·

76 944 176 1017 primit
197 944 374 1001 reciduntur
395 962 492 1020 usque
515 943 556 1001 ad
579 944 600 1008 ι’,
631 944 694 1002 dat.
717 944 793 1016 sing.
817 927 925 1002 Sonir'e
948 928 1059 999 Snnir'i
1078 925 1178 1011 Sunii,
1212 943 1276 1000 dat.
1298 942 1372 1016 plur.

77 1046 223 1100 Alr'ersz'er
244 1045 372 1101 Att'ersr'r
399 1043 551 1103 Clavernr':
575 1045 668 1118 plena
691 1061 812 1118 semper
834 1043 1041 1101 invocationis
1065 1043 1163 1100 sorma
1186 1040 1376 1100 diGrabovr‘e

75 1155 108 1201 et
124 1146 235 1203 Idionr'r
258 1135 373 1204 Sanir'e.
406 1145 509 1203 Latini
533 1165 547 1201 o
570 1146 694 1218 longam
713 1153 820 1202 tenent
835 1146 865 1202 in
883 1145 1018 1213 natione,
1036 1142 1142 1201 Vmbri
1159 1144 1269 1220 nonne,
1291 1161 1373 1201 nom.

75 1232 203 1302 trr'bdr'iu
225 1246 354 1321 triplicio
378 1246 436 1304 abl.
461 1245 617 1302 lrr'brzirne.

175 1346 332 1403 infirmitas
354 1347 467 1404 nasalis
490 1346 610 1403 litterae
626 1347 745 1404 ruinam
764 1365 832 1403 cum
855 1346 949 1420 ipsius
966 1355 1029 1403 tum
1045 1345 1157 1403 vocalis
1173 1353 1374 1417 antegressae

75 1447 192 1503 effecit:
216 1449 286 1503 tertie
308 1442 464 1521 διδόντος,
495 1448 578 1503 vestz's
602 1467 620 1505 a
644 1447 826 1505 vesticando
856 1464 893 1501 cx
922 1447 1020 1503 aerlr'ss
1041 1447 1139 1504 vesties
1157 1453 1194 1502 'ut
1216 1444 1374 1502 Praenesti

74 1558 108 1604 et
130 1549 160 1604 in
183 1548 292 1605 Marsis
319 1548 385 1605 lubs
410 1565 465 1622 pro
489 1548 624 1606 lubente.

176 1650 310 1724 syllabae
333 1658 387 1706 aut
409 1649 561 1706 vocabula
583 1667 713 1723 quorum
737 1650 866 1706 alterum
889 1651 920 1706 in
943 1649 1081 1706 vocalem
1104 1648 1175 1718 exit,
1205 1648 1335 1703 alterum
1357 1664 1376 1701 a

74 1752 174 1808 vocali
195 1752 310 1826 incipit,
332 1770 416 1809 more
440 1751 586 1810 italorum
612 1760 885 1826 coagmentantur:
919 1752 1032 1810 erz'lronl
1052 1757 1132 1808 erent
1151 1749 1250 1816 idem,
1284 1765 1374 1804 arven

74 1855 106 1908 in
130 1870 211 1921 arva,
235 1853 341 1909 Finem
368 1855 398 1909 in
423 1853 516 1920 Fisio,
539 1861 597 1912 vet.
621 1854 738 1926 rupr'nr'e
761 1872 775 1908 e
796 1871 857 1911 rec.
880 1853 985 1910 rubine
1009 1863 1041 1910 ut
1064 1860 1176 1909 statum
1193 1849 1375 1924 significent,

74 1963 110 2010 ut
132 1962 249 2010 motum
270 1955 424 2027 rnpr'narne
445 1953 605 2012 rubr'norne.
640 1962 698 2013 vet.
715 1956 877 2027 pnrlulnln
900 1974 960 2013 rec.
976 1960 1095 2027 portatu
1118 1952 1177 2010 ulo,

176 2055 350 2112 inclinativa
373 2055 440 2128 an'r
462 2072 642 2129 pronomen,
668 2061 708 2112 est
730 2056 856 2112 verbum
880 2072 971 2115 nemo
998 2055 1109 2112 nescit:
1140 2057 1267 2119 mersesl,
1300 2051 1373 2106 item

74 2156 166 2209 merri
185 2173 239 2229 pro
262 2174 335 2211 neers
356 2156 397 2210 sil
417 2173 478 2213 una
496 2175 555 2213 vox
577 2165 638 2223 est,
673 2158 760 2213 utin
784 2157 957 2214 choliambo
980 2157 1074 2213 latino
1097 2155 1172 2210 malr
1203 2154 1257 2209 r'llr'
1274 2152 1312 2208 sil
1341 2151 1373 2207 in

74 2273 171 2311 unum
194 2265 318 2313 coactas
340 2274 410 2313 esse
433 2258 553 2315 ultimas
576 2258 710 2333 syllabas
733 2267 894 2333 poetarum
915 2275 988 2314 usus
1011 2259 1212 2315 demonstrat.

178 2447 201 2511 l(
226 2454 256 2508 in
281 2453 373 2509 latina
397 2454 565 2513 litteratura
593 2455 628 2525 C,
651 2475 758 2532 pressa
782 2459 847 2515 aliis
868 2458 1108 2515 consonantibus
1131 2463 1236 2531 potest
1258 2452 1370 2511 obteri:

76 2557 149 2628 imp.
166 2561 267 2627 persln
292 2555 344 2613 sut.
368 2575 415 2615 ex.
433 2564 608 2630 peperscurl,
638 2560 753 2616 interiit
774 2578 847 2634 ergo
872 2579 886 2616 c
908 2561 1019 2617 interr
1041 2568 1073 2616 et
1096 2565 1116 2624 l,
1147 2566 1219 2614 ante
1242 2556 1372 2612 easdem

75 2658 108 2711 in
132 2657 255 2710 destrunt
277 2659 494 2725 sestertlnn'arn,
518 2661 663 2716 antesin
680 2679 731 2716 aas
744 2661 861 2735 (nain)
885 2662 981 2718 aesini
993 2655 1149 2736 (vestrim),
1172 2659 1269 2714 finalis
1284 2675 1371 2712 num·

75 2775 168 2830 quarn
189 2757 290 2831 potuit
313 2758 425 2814 deteri:
448 2778 502 2814 enu
523 2763 562 2817 ad
586 2761 658 2817 enuk
681 2770 713 2819 ut
734 2763 901 2819 etiamnum
922 2762 962 2818 ad
983 2779 1073 2830 nunc,
1095 2773 1144 2817 esu
1167 2760 1208 2818 ad
1231 2758 1297 2814 esuk
1313 2775 1371 2812 rsu-

77 2858 137 2912 nrek
159 2867 192 2914 ut
215 2859 306 2916 istum
329 2861 370 2916 ad
393 2860 502 2929 istunc,
526 2882 612 2919 esonrr
634 2881 695 2920 non
719 2865 815 2939 magis
832 2865 849 2920 k
866 2864 1118 2922 habuitadfixam
1130 2880 1221 2938 quam
1236 2876 1371 2915 esononrr.

177 2961 289 3017 nasalis
313 2961 427 3018 emollit
449 2979 531 3020 carn:
557 2963 639 3019 r'rreko
661 2965 777 3039 r'uengn,
801 2965 907 3022 onclar
932 2965 1055 3039 anglor,
1076 2963 1113 3023 cl.
1136 2961 1282 3036 singulos.

177 3069 235 3119 vet.
258 3061 295 3118 ko
318 3062 433 3119 habent
456 3064 485 3119 in
509 3065 620 3120 er'ltvos·
644 3065 744 3122 elwine
765 3067 881 3122 karstnr
903 3066 1013 3122 tekar'as
1036 3074 1069 3122 ut
1083 3063 1157 3121 Osci
1180 3063 1327 3118 kunisslur
1342 3069 1374 3117 et

77 3161 273 3228 dekkvr'arim,
296 3180 356 3219 rec.
373 3183 412 3236 qu
432 3165 540 3238 partim
559 3166 603 3222 sic
623 3175 655 3222 ut
677 3185 783 3224 omnes
807 3167 908 3224 solent
928 3167 1039 3235 Latini,
1064 3165 1187 3239 Pr'qur'er
1209 3163 1302 3219 tribus
1315 3161 1374 3237 syl·

76 3262 162 3329 tabis,
185 3264 294 3337 partim
317 3281 354 3320 ea
376 3265 494 3321 ratione
509 3283 600 3339 quarn
615 3266 725 3324 Accius
737 3268 857 3324 videtur
875 3267 1059 3341 suscepisse,
1083 3265 1218 3338 deanier
1234 3273 1266 3320 et
1271 3264 1371 3336 prz'qu.

177 3363 193 3418 k
218 3372 289 3420 ante
314 3370 326 3420 l
346 3366 489 3438 quotiens
514 3367 655 3423 consedit
675 3385 737 3424 non
760 3368 868 3426 celeris
891 3358 992 3442 fugae,
1016 3367 1079 3424 abit
1094 3367 1124 3422 in
1146 3365 1165 3423 Ιι
1187 3374 1219 3422 et
1239 3364 1373 3438 exspirat

77 3464 222 3521 animam:
247 3464 334 3520 nitur
351 3475 469 3534 auctor,
493 3467 570 3524 redte
592 3477 685 3537 recte,
710 3466 874 3548 onnselrtns
889 3467 1030 3536 infectas,
1054 3467 1253 3523 sablosulum
1285 3483 1373 3523 sanc-

76 3574 149 3632 tam,
171 3571 284 3638 rprlnre
307 3568 447 3640 spectori.
473 3577 504 3625 at
527 3569 598 3643 imp.
614 3568 691 3643 fiklu
713 3569 806 3642 figito,
824 3570 966 3643 pruseklu
989 3578 1110 3643 praeter
1125 3566 1297 3641 prnsekntn.

176 3664 192 3719 k
215 3675 287 3722 ante
311 3667 325 3721 ι’
344 3668 483 3725 vocalem
506 3670 617 3744 duplici
641 3670 735 3727 modo
757 3671 936 3745 infringitur.
968 3679 1110 3744 torpente
1139 3677 1262 3742 gutture
1291 3667 1373 3724 adsi·

76 3765 191 3822 mulata
216 3765 239 3839 j
267 3767 441 3825 semivocali
464 3787 544 3844 quae
571 3779 602 3827 et
632 3771 671 3827 illi
698 3771 915 3844 cognatissima
946 3751 1058 3826 estet
1091 3770 1147 3844 ipsi
1181 3787 1244 3826 non
1273 3768 1373 3824 aliena

77 3861 222 3939 (Iknur'na
248 3866 384 3944 Iz'nnr'nu)
410 3873 472 3928 coit
495 3890 563 3929 cum
579 3873 677 3929 vocali
700 3874 799 3948 priore
815 3874 845 3956 in
868 3873 1093 3948 diphthongum
1116 3891 1285 3949 sonumque
1307 3873 1373 3948 pin·

76 3966 221 4040 guiorern.
246 3971 326 4024 nrnr'r
341 3968 417 4041 (tab.
431 3971 455 4044 l)
479 3983 511 4028 et
533 3964 616 4030 nsaie
639 3972 712 4048 (tab.
730 3973 821 4045 HA),
845 3974 915 4030 ltine
939 3975 1109 4032 divinamus
1133 3975 1242 4050 usokje.
1276 3973 1373 4052 fakr'a

76 4077 239 4142 postquam
252 4068 339 4145 sario
361 4071 423 4138 suit,
456 4070 567 4130 facturn
599 4083 647 4132 est
672 4076 843 4132 secundum
866 4075 966 4148 legem
990 4076 1138 4133 sermonis
1164 4075 1289 4132 umbrici
1302 4073 1373 4152 seia

77 4163 151 4240 (tab.
174 4169 226 4243 V),
258 4172 331 4226 item
355 4168 474 4245 *sakr'ln
498 4171 607 4251 *sori'tn
617 4175 700 4254 setin
723 4185 776 4233 aut
798 4173 900 4254 *satin
912 4175 991 4254 selu.
1026 4196 1089 4234 non
1111 4178 1197 4234 aliter
1219 4195 1256 4233 ex
1279 4175 1372 4232 dicito

78 4269 168 4341 der'lu,
204 4288 240 4324 ex
263 4271 342 4345 picia
358 4273 430 4344 pria
454 4282 553 4331 ortum
577 4285 634 4343 est,
670 4295 739 4335 cum
763 4278 777 4332 ι’
797 4277 909 4334 vocalis
929 4278 1034 4335 nativa
1058 4285 1129 4336 ante
1154 4278 1177 4352 j
1208 4278 1373 4334 variaretur

78 4370 180 4426 colore
204 4369 288 4428 lusco
312 4371 407 4446 (meio
430 4373 525 4449 mixi).

165 4573 305 4676 alterum
328 4580 454 4637 modum
477 4583 495 4638 d
519 4581 628 4649 littera,
652 4584 682 4640 in
705 4584 800 4642 latina
825 4587 977 4661 scriptura
1002 4562 1174 4647 Sindicat:
1189 4579 1280 4658 salia
1305 4586 1381 4643 abiit

77 4675 106 4733 in
118 4674 209 4751 saria
231 4672 306 4751 (tab.
322 4678 351 4735 II
364 4677 413 4754 A).
448 4682 465 4738 k
487 4683 588 4757 posita
611 4692 682 4740 ante
704 4685 718 4740 i
737 4695 789 4743 aut
812 4707 825 4745 e
848 4697 900 4747 aut
923 4691 1060 4761 quando
1080 4684 1155 4762 ipsa
1171 4699 1277 4756 eorpus
1292 4699 1387 4743 voca·
1433 4713 1437 4719 ⁴
