3742 5364
707 355 766 422 161
1285 358 1374 422 11133

73 544 225 618 pedume
256 539 445 623 purtuvitu,
481 535 609 603 strusla
641 545 699 603 ad·
750 545 781 600 in
818 543 933 602 fossam
968 543 1123 620 porricito‚
1162 539 1167 624 l
1198 546 1374 605 struiculam

73 638 178 702 veitu.
235 640 375 704 inumek
411 649 546 704 etrama
583 640 699 722 spanti
750 645 874 705 adicito.
938 654 1013 704 tuuc
1048 649 1176 705 alterum
1215 649 1257 706 ad
1296 649 1375 706 latus

73 748 158 803 tuva
172 739 493 824 tefralprusekatu,
517 742 607 804 edek
623 761 697 804 ere·
711 765 736 804 ae
750 747 813 804 duo
855 746 934 804 tefra
986 740 991 823 l
1027 756 1207 822 prosecat0,
1254 748 1287 804 id
1333 748 1375 805 ad
1480 811 1485 820 ,

73 837 186 904 ἐΙυῐῐιει
207 841 387 906 Puemune
414 842 576 926 Pupnike
590 840 603 926 ΙΙ
617 862 697 924 pur·
707 865 739 906 rv
750 847 915 905 sacrarium
933 847 1073 905 Pumuno
1097 847 1222 923 Puplico
1244 841 1256 927 ll
1279 849 1374 923 porri·

73 942 194 1024 tuvitu,
227 954 366 1006 erarunt
400 935 569 1006 struhilas
596 935 697 1006 eska·
749 947 820 1017 cito,
859 949 998 1005 eiusdem
1039 949 1203 1008 struiculae
1246 951 1375 1008 escami-

74 1043 160 1107 mitu
193 1043 319 1109 aveitu.
340 1042 344 1127 l
365 1044 505 1107 inumek
536 1043 698 1107 tertiama
719 1056 813 1108 etum
851 1049 976 1108 adicito.
1017 1042 1022 1127 l
1059 1057 1132 1108 tunc
1171 1051 1295 1108 tertium
1333 1052 1376 1108 ad

73 1251 137 1326 giat
159 1250 235 1309 haec
258 1268 409 1327 compago
425 1257 575 1325 proseceto
601 1251 643 1307 ad
660 1253 787 1326 spantim
810 1261 841 1310 et
863 1253 906 1310 rei
934 1253 1077 1328 simplicis
1111 1260 1298 1328 apertaeque
1321 1254 1376 1310 de·

74 1352 198 1427 scriptio
221 1353 419 1412 ambitiosior.
463 1353 579 1410 nomini
600 1352 752 1428 plurativo
774 1354 946 1412 coniuncto
966 1372 1035 1412 curn
1050 1355 1196 1412 numerali
1218 1348 1303 1432 (tuoe
1326 1356 1374 1412 vel

73 1455 146 1512 lriie
168 1450 262 1530 tesra)
296 1463 330 1512 ut
361 1473 532 1530 pronomen
564 1456 753 1530 respondeat
775 1455 928 1530 singulare
959 1453 1061 1532 (edelr),
1097 1457 1190 1514 etiam
1220 1456 1375 1514 latinitatis

74 1564 161 1614 vetus
184 1574 250 1614 mos
273 1564 327 1630 est.
384 1557 428 1613 sic
452 1555 576 1613 Plautus
599 1555 714 1630 vr'gt’ntr'
743 1563 826 1613 usust
844 1557 942 1619 maizei,
961 1556 1036 1636 fece
1069 1557 1103 1613 id
1128 1563 1162 1613 ut
1174 1564 1316 1630 paratum
1339 1557 1379 1614 sit

74 1665 107 1714 et
131 1657 300 1731 Phileppum
324 1658 366 1714 cd
384 1657 444 1713 tria
466 1657 565 1725 milia,
590 1657 625 1714 id
644 1658 806 1731 opsecravr‘t
826 1677 862 1714 ne
880 1676 933 1714 suo
952 1664 1044 1732 gnato
1060 1659 1201 1715 crederem
1225 1658 1292 1717 trin.
1315 1661 1375 1718 153

72 1759 136 1816 405
159 1775 253 1833 saepe
276 1758 360 1818 aliae.

175 1858 220 1915 IV
244 1860 258 1918 1
283 1859 385 1935 primis
408 1857 557 1934 prosectis
583 1876 665 1934 quae
698 1858 760 1917 ima
788 1858 818 1916 in
842 1866 921 1917 terra
949 1868 1104 1935 ponuntur
1126 1868 1224 1918 strues
1248 1859 1376 1918 ¹adicitur

74 1977 159 2017 more
180 1960 279 2034 solit0,
302 1960 404 2017 alteris
428 1960 569 2016 eiusdem
591 1959 680 2016 struis
704 1959 852 2027 elamita,
881 1960 976 2017 tertiis
998 1977 1077 2034 quae
1100 1978 1249 2018 summum
1271 1961 1373 2018 locum

74 2069 229 2136 occupant
252 2070 350 2118 strues
372 2061 539 2136 pectinata.
585 2079 676 2136 quam
699 2060 731 2117 in
754 2060 883 2119 formam
896 2060 973 2119 haec
987 2061 1058 2134 liba
1073 2061 1144 2120 ficta
1159 2062 1219 2119 sint
1239 2070 1271 2118 et
1285 2079 1375 2136 quam

74 2164 115 2220 ob
141 2149 292 2233 caussam,
315 2179 384 2219 cum
407 2179 518 2219 arcana
552 2161 617 2219 eius
647 2160 784 2219 sacrificii
806 2162 881 2218 ratio
905 2179 961 2219 nos
983 2179 1080 2237 prope
1101 2170 1166 2220 tota
1189 2162 1294 2238 fugiat,
1328 2161 1376 2219 vix

74 2264 238 2338 quisquam
259 2279 382 2319 narrare
405 2263 520 2336 poterit
545 2264 691 2322 enodate.
735 2261 866 2338 pectinis
889 2262 1041 2320 vocabulo
1061 2271 1179 2320 veteres
1202 2262 1313 2321 multas
1326 2280 1375 2320 res

74 2372 220 2422 notarunt
242 2363 329 2420 fissas
352 2364 473 2421 striatas
497 2364 701 2422 denticulatae
725 2363 955 2421 discriminatim
972 2372 1138 2434 exeuntes;
1161 2374 1283 2440 praeter
1304 2381 1375 2420 eum

76 2466 129 2541 qui
151 2465 181 2521 in
195 2466 311 2522 mundo
328 2464 469 2521 muliebri
489 2474 676 2533 numeratur,
698 2473 811 2539 pecten
825 2464 1059 2523 instrumentum
1075 2474 1123 2523 est
1139 2466 1373 2523 carminatorum

76 2573 226 2623 textorum
249 2566 444 2635 musicorum,
467 2574 579 2640 pecten
601 2573 716 2624 tractus
740 2583 885 2623 venarum
907 2566 938 2623 in
961 2566 1042 2642 ligno
1062 2568 1108 2624 vel
1132 2566 1235 2642 lapide
1259 2567 1373 2623 discur-

75 2668 222 2732 rentium,
252 2674 365 2740 pecten
388 2666 507 2724 concha
535 2667 651 2725 marina
681 2685 718 2723 ex
754 2675 924 2724 ostreorum
957 2685 1071 2741 genere
1097 2667 1290 2742 conchasque
1320 2685 1375 2743 pro

76 2768 184 2824 cunnis
206 2768 310 2841 posuit
333 2768 457 2825 Plautus
479 2770 547 2828 rud.
571 2771 658 2837 704,
681 2779 793 2842 pecten
816 2785 851 2825 os
875 2768 1011 2843 corporis
1031 2786 1124 2844 super
1145 2769 1290 2827 intestina
1319 2770 1376 2827 sub

76 2868 159 2942 pube
182 2877 388 2925 transversum
411 2869 523 2926 rectius
556 2869 587 2926 in
617 2868 685 2926 viris
708 2868 828 2926 curvius
850 2869 880 2926 in
905 2868 1034 2936 feminis,
1066 2878 1179 2945 pecten
1211 2871 1277 2944 ipsa
1306 2889 1376 2946 pars
1410 2852 1412 2857 Ι

76 2968 231 3026 muliebris
252 2969 379 3043 eiusque
403 2986 493 3026 sexus
516 2969 636 3044 insigne
658 2964 712 3044 (cf.
731 2968 897 3026 Clementis
913 2970 960 3028 Al.
974 2977 1119 3044 protrept.
1132 2988 1162 3045 p.
1176 2971 1205 3038 6,
1218 2972 1258 3029 46
1272 2969 1376 3044 Sylb),

77 3061 342 3144 pecten'priscum
366 3069 494 3128 Veneris
517 3078 730 3128 ornamentum
750 3071 833 3127 unde
849 3070 943 3127 herba
959 3071 1113 3145 quaedam
1127 3089 1240 3128 nomen
1255 3071 1376 3146 accepit

77 3179 188 3246 pecten
210 3171 351 3230 Veneris
396 3172 509 3246 digitos
533 3189 643 3230 manus
665 3172 828 3229 introrsum
850 3171 999 3247 implexos
1022 3172 1099 3228 inter
1113 3191 1147 3230 se
1163 3173 1248 3248 iungi
1271 3175 1376 3230 dicunt

77 3273 255 3348 pectinatim
279 3272 512 3350 Aeschylusque
535 3292 604 3332 cum
625 3275 757 3350 pedibus
780 3274 934 3349 copulavit
956 3291 1101 3331 manuum
1124 3291 1257 3332 summos
1280 3274 1376 3350 pecti·

77 3391 134 3431 nes
158 3368 274 3450 (χερῶν
289 3368 410 3448 ἄκρους
426 3369 566 3452 κτένας),
590 3375 776 3457 pectinatum
792 3383 908 3433 tectum
931 3375 1043 3432 Festus
1066 3375 1169 3432 scribit
1190 3375 1376 3451 appellatum

77 3476 163 3548 quod
186 3474 315 3532 divisum
338 3483 421 3532 esset
443 3477 474 3533 in
497 3477 575 3534 duas
597 3484 699 3551 partes
715 3483 749 3533 ut
765 3474 988 3533 testudinatum
1004 3475 1035 3531 in
1050 3483 1203 3551 quattuor.
1237 3477 1323 3533 vides
1345 3475 1376 3532 in

78 3575 125 3632 his
147 3576 253 3650 opinor
275 3576 368 3633 etiam
391 3576 466 3651 quid
488 3578 623 3652 potuerit
641 3584 777 3652 agrestes
799 3577 945 3634 inducere
968 3576 1107 3635 homines
1131 3585 1165 3634 ut
1186 3577 1316 3652 pectinis
1334 3578 1377 3635 ad

77 3675 305 3734 similitudinem
328 3676 388 3732 liba
411 3679 559 3736 struenda
581 3685 745 3736 censerent
761 3678 877 3735 numini
892 3676 1048 3734 feminino.
1074 3686 1182 3735 contra
1202 3677 1264 3735 deo
1287 3679 1378 3735 datur

77 3778 168 3834 struis
191 3776 339 3844 estuantia,
363 3779 450 3852 quod
474 3779 498 3835 si
522 3779 666 3837 virilitatis
687 3777 887 3853 fuitsignum,
909 3778 1084 3836 subrectum
1099 3776 1236 3837 Vmbros
1254 3778 1376 3836 finxisse

78 3877 213 3935 conicias
236 3877 413 3951 elatumque
436 3879 465 3934 in
488 3880 616 3938 modum
639 3879 722 3955 scapi
737 3879 783 3936 vel
807 3880 902 3937 caulis
918 3887 971 3937 aut
987 3879 1147 3936 columnae
1171 3880 1375 3954 pyramidisve

78 3994 159 4052 quae
180 3968 330 4035 vocabula
351 3987 476 4053 propter
499 3979 614 4038 formae
635 3981 862 4039 similitudinem
884 3980 941 4056 ipsi
963 3997 1087 4057 quoque
1102 3981 1258 4039 mentulae
1279 3982 1378 4040 indita

79 4083 151 4135 sunt
173 4080 284 4138 omnia.
328 4097 342 4133 e
363 4081 550 4156 praepositio
573 4089 605 4140 ut
627 4081 658 4138 in
680 4082 836 4151 escendere,
859 4082 982 4139 alterius
997 4082 1091 4156 partis
1115 4082 1230 4139 nullum
1251 4085 1376 4140 verbum

78 4179 203 4236 similius
225 4187 273 4236 est
293 4198 409 4236 scamno
430 4181 572 4251 scamillo,
604 4183 689 4240 cuius
711 4183 770 4240 vim
793 4182 949 4258 quondam
970 4182 1045 4239 satis
1067 4183 1125 4241 late
1144 4181 1281 4257 patuisse
1302 4183 1377 4241 inde

78 4299 248 4357 cognosces
270 4283 356 4358 quod
379 4300 502 4340 scamna
517 4284 671 4357 agricolae
685 4292 832 4343 vocarunt
845 4285 924 4342 iuter
939 4285 1017 4342 duos
1038 4285 1141 4342 sulcos
1156 4284 1254 4342 elatae
1277 4293 1376 4343 terrae

78 4382 202 4456 glaebas
224 4401 356 4442 summas
379 4385 417 4442 ab
440 4392 557 4443 aratore
580 4386 710 4444 omissas
732 4382 915 4462 (Columella
936 4385 966 4444 II
989 4390 1016 4462 2,
1038 4388 1076 4446 25
1100 4385 1276 4444 Rudorffius
1299 4388 1378 4461 agri-

78 4501 255 4543 mensorem
278 4485 308 4541 ΙΙ
330 4504 359 4560 p.
374 4482 447 4561 296)
469 4487 682 4563 scamillosque
704 4486 860 4544 Vitruvius
883 4487 914 4545 in
937 4487 1086 4563 stylobata
1119 4502 1200 4562 quae
1226 4504 1281 4561 per
1312 4505 1379 4546 me·

79 4584 163 4641 dium
187 4585 219 4641 fit
241 4586 373 4643 adiectio
395 4586 572 4664 altitudinis,
595 4605 635 4643 ne
651 4588 676 4645 si
692 4589 733 4646 ad
753 4588 884 4646 libellam
907 4588 1072 4664 derigatur,
1095 4587 1188 4645 oculo
1209 4586 1383 4651 alveolatus

80 4685 218 4743 videatur
239 4680 297 4764 (Ill
318 4689 345 4755 3,
359 4683 400 4763 5).
447 4687 575 4745 fortasse
599 4688 690 4763 igitur
714 4689 803 4747 struis
825 4690 1006 4764 particulam
1034 4688 1175 4766 intellegi
1196 4694 1318 4762 oportet
1343 4694 1388 4752 si.

1181 4786 1214 4837 ll
