3742 5364
850 331 910 388 188

332 529 486 577 memento
509 521 540 575 in
563 528 622 578 vet.
647 518 794 593 scriptura
817 536 835 571 u
858 516 944 572 simul
967 534 982 571 o
1003 515 1116 572 vocalis
1146 524 1253 573 notam
1284 532 1370 579 esse,
1404 520 1473 571 tum
1502 513 1536 569 id

233 623 319 697 quod
342 624 372 677 in
394 620 411 682 S
433 621 609 685 memoravi,
633 620 808 693 discrepare
842 617 943 692 priora
973 634 1136 673 aoracum
1157 615 1186 671 V
1207 615 1250 671 VI
1273 614 1330 671 Vll
1353 614 1452 671 vitata
1479 613 1537 671 rho

231 722 390 779 terminali.
431 739 520 796 pares
540 721 645 787 videri,
668 721 799 794 impares
823 736 892 775 esse
915 736 1005 775 casus
1028 717 1130 792 plures
1154 716 1236 773 velut
1264 733 1326 775 acc,
1342 715 1422 789 sing.
1439 715 1536 789 poplo

231 841 302 898 gen.
323 824 398 897 plur.
416 825 507 897 poplo
531 822 624 881 latina
646 821 854 880 declinatione
877 828 1055 895 comparata
1078 812 1156 875 unus
1181 818 1309 894 quisque
1331 816 1496 893 intellegit.

755 1004 913 1061 nominum
935 1001 1012 1060 ina

492 1107 651 1182 singularis
1113 1102 1235 1178 pluralis

430 1243 511 1284 nom.
535 1230 594 1280 lolo
615 1229 672 1280 lolo
1024 1229 1098 1278 lolos
1120 1227 1198 1277 lolor

431 1344 497 1383 voc.
535 1331 595 1381 lolo

431 1444 493 1483 acc.
535 1430 622 1481 lolam
645 1429 700 1480 lolo
1022 1421 1104 1501 lolos
1121 1427 1179 1477 tolo

429 1545 500 1601 gen.
535 1532 608 1583 lolos
630 1531 708 1581 lolor
1022 1528 1147 1580 lotorum
1170 1528 1269 1579 loloru

431 1627 493 1683 dat.
512 1626 569 1684 loe.
593 1631 644 1682 lole
1021 1629 1088 1679 loles
1110 1629 1182 1679 loler

430 1726 489 1785 abl.
533 1732 592 1783 lolo

332 1889 413 1929 nom.
430 1871 505 1945 sing.
529 1876 585 1926 lolo
607 1889 644 1926 ex
670 1887 742 1926 aere
766 1869 792 1924 V
814 1870 846 1925 in
868 1887 928 1943 quo
951 1877 982 1925 et
1003 1873 1082 1924 naulo
1105 1877 1137 1925 et
1160 1874 1249 1935 nzulu,
1283 1873 1392 1935 elonlu,
1424 1871 1541 1922 meslru

232 1973 380 2046 leguntur.

332 2074 388 2134 loc.
405 2075 481 2148 sing.
505 2081 553 2131 lro
575 2080 644 2140 solo,
666 2075 823 2148 rupitne-o.
848 2075 887 2131 de
911 2079 992 2130 lolem
1014 2079 1111 2129 loleme
1134 2072 1196 2129 dixi
1218 2090 1248 2147 p.
1263 2074 1333 2131 185.

331 2175 390 2234 abl.
407 2176 483 2251 sing.
507 2176 601 2233 etiam
622 2176 735 2232 lzondro
756 2174 848 2231 subro
870 2183 904 2230 ut
926 2173 1004 2230 inlra
1027 2191 1127 2248 supra.

331 2277 362 2332 in
383 2295 452 2350 gen.
468 2278 543 2352 plur.
569 2295 595 2332 m
619 2276 740 2334 finalem
762 2286 820 2335 vet.
845 2279 997 2335 deterunt.

331 2378 393 2435 dat.
407 2378 463 2436 loc.
479 2377 622 2453 ablplur.
647 2396 735 2435 casus
759 2386 807 2434 est
829 2396 905 2434 unus
926 2377 1050 2436 scilicet.
1073 2382 1185 2434 moer-e
1207 2375 1333 2450 lapidus
1354 2373 1481 2431 duabus
1506 2376 1541 2431 in

234 2477 403 2552 capidibus²
426 2497 498 2535 nam
521 2478 644 2536 dualem
666 2496 825 2535 numerum
847 2477 954 2549 Vmbn
978 2478 1128 2553 ignorant.
1151 2495 1154 2504 ·

751 2646 909 2704 nominum
933 2646 964 2703 in
987 2643 1014 2708 O

552 2750 628 2824 sing.
1112 2747 1186 2821 plur.

379 2888 461 2927 nom.
479 2870 566 2942 popel
944 2867 1044 2941 poples
1058 2866 1169 2939 poplor
1183 2865 1295 2938 poplur

380 2989 446 3027 voe.
475 2970 560 3044 poplo

379 3090 444 3130 ace.
477 3072 598 3144 poplom
614 3070 704 3145 poplo
920 3068 922 3073 '
944 3063 1060 3143 poplos
1068 3062 1187 3141 poplus
1195 3066 1281 3140 poplo
1295 3067 1389 3139 poplu

379 3189 449 3244 gen.
477 3170 580 3244 poples
595 3170 700 3244 poplor
715 3170 804 3243 poplo
946 3170 1036 3242 poplo

381 3270 444 3326 dat.
463 3271 519 3328 loc.
535 3272 622 3344 poplo
635 3271 726 3343 popli
946 3270 1048 3343 poples
1063 3270 1158 3342 poplz's
1175 3271 1281 3344 popler
1295 3269 1398 3344 poplir

380 3371 440 3427 abl.
478 3371 571 3444 poplu

330 3521 437 3569 neutra
451 3530 534 3572 nom.
549 3513 624 3586 sing.
648 3513 761 3587 pariter
783 3522 874 3588 atque
890 3530 954 3571 acc.
980 3512 1102 3585 faciunt,
1126 3533 1233 3570 esonom
1257 3532 1345 3589 mono,
1367 3532 1453 3574 nom.
1466 3533 1538 3579 acc.

231 3615 305 3688 plur.
329 3615 359 3670 in
381 3634 408 3682 o,
430 3629 459 3669 o:
483 3614 581 3670 oesl‘lo
604 3614 712 3680 oesklu,
728 3598 878 3688 pruselolu
894 3620 1046 3689 prosalem,
1068 3625 1141 3688 supa
1161 3623 1235 3689 sopo.

331 3734 411 3772 nom.
430 3715 507 3788 sing.
534 3714 692 3771 Trulilenos
724 3733 823 3789 paene
857 3716 983 3772 latinum
1010 3715 1040 3772 in
1070 3715 1242 3773 Tudertino
1271 3717 1369 3775 titulo,
1413 3720 1498 3779 solet
1522 3742 1540 3781 o

231 3817 317 3884 abici,
352 3834 414 3890 quo
437 3815 518 3872 sacto
541 3825 612 3891 post
641 3815 786 3890 liquidam
815 3834 853 3871 no
882 3835 896 3870 s
924 3816 1049 3889 quidem
1076 3817 1266 3892 adiungitur:
1299 3818 1379 3876 lolel
1399 3824 1538 3894 catulus,

223 3918 314 3991 pz'lzoz
335 3919 446 3992 piatus,
462 3918 583 3990 polsons
604 3918 782 3992 pelsandus,
796 3916 935 3996 srolrol’s
957 3917 1104 3977 fratricus.
1146 3930 1179 3976 ut
1202 3920 1250 3977 lat.
1275 3920 1330 3977 alis
1354 3918 1462 3980 Cladis
1486 3924 1536 3983 sic

229 4037 288 4077 rec.
311 4018 390 4074 orsir
414 4018 552 4086 slliorsir²
575 4017 691 4075 Tuderi
716 4017 820 4075 lotan

330 4139 394 4178 voc.
411 4120 486 4193 sing.
514 4117 610 4195 Tesre.
654 4121 828 4194 mansitque
852 4120 966 4176 Fzsom'e
988 4104 1093 4176 Sonlie
1118 4119 1230 4179 Morlie
1253 4125 1339 4182 orst'e.
1372 4132 1405 4180 at
1427 4125 1465 4180 di
1485 4126 1536 4183 vel

232 4224 361 4278 deltam
384 4222 547 4278 invocandi
571 4239 663 4297 quam
684 4222 884 4296 praedicandi
907 4239 990 4279 casu.

330 4341 392 4382 acc.
410 4323 486 4397 sing.
511 4324 665 4380 nominum
689 4325 718 4380 in
744 4325 772 4380 lo
794 4323 993 4381 contrahitur:
1019 4325 1113 4381 Fisim
1138 4325 1262 4388 Fisium‚
1285 4325 1388 4392 tertiat,
1412 4327 1480 4383 sine
1503 4348 1535 4387 m

232 4425 337 4483 Flsovl
356 4426 517 4493 Pisonum,
548 4425 684 4483 Grobool
709 4425 853 4483 Grobooo.
888 4425 996 4505 sorsz'o
1009 4426 1096 4506 sosio
1122 4427 1198 4484 VlB
1219 4429 1294 4486 244
1316 4426 1474 4487 debebam
1495 4438 1534 4489 ut

232 4528 316 4583 oraio
339 4527 529 4602 interpretari
551 4527 624 4601 plur.
649 4528 757 4594 farrea,
781 4547 843 4584 non
867 4529 942 4601 sing.
967 4527 1106 4586 farreum.

330 4646 398 4702 gen.
409 4628 486 4703 sing.
499 4627 626 4685 lllorlz'os
639 4627 779 4695 Morller,
793 4630 890 4685 orsz'or
898 4629 977 4707 srile
989 4630 1035 4685 vel
1050 4629 1166 4686 Flsoole
1171 4628 1252 4708 srlle
1263 4639 1296 4687 ut
1308 4648 1384 4705 ogre
1400 4628 1531 4695 Coss‘ler.
