3742 5364
176 323 178 327 ’
230 338 343 398 vnce
853 343 894 402 54

230 520 361 581 suboco
388 519 393 599 l
423 518 479 582 dei
511 517 677 592 Grabovi,
713 519 888 602 octiperm
903 545 981 584 voco
1001 527 1005 602 Ι
1025 529 1126 586 divum
1155 529 1341 588 Grabovium
1374 549 1430 606 pro
1456 549 1532 591 arce

228 720 327 770 utrum
349 722 422 787 apta
444 714 492 786 sit,
515 709 721 788 Δημητρίου(
754 710 899 788 καρποὺς
934 709 1164 788 ἐπίρράναντε(
1197 715 1288 791 capiti
1323 717 1464 774 victimae
1490 735 1532 776 ac

230 813 344 888 precati
367 821 503 870 mactant
526 815 609 888 apud
631 814 811 890 Dionysium
834 815 899 874 AR.
923 815 981 871 Vll
995 818 1042 875 72.

331 917 369 972 22
403 915 458 970 trio
480 931 592 970 nomen
616 924 756 972 neutrum
778 935 796 973 a
819 921 849 971 tu
872 921 897 971 tc
919 916 1088 973 derivatum
1119 919 1203 991 quod
1226 935 1281 992 pro
1309 917 1530 992 monosyllabis

230 1015 285 1072 illis
307 1015 517 1074 adhibebatur.
540 1016 614 1073 item
637 1017 718 1073 trium
739 1015 813 1074 Osci
835 1025 867 1073 et
884 1033 938 1090 pro
962 1034 995 1073 se
1013 1018 1094 1076 sium.
1342 1013 1344 1018 ’

327 1114 451 1171 subocuu
472 1114 582 1175 suboco.
625 1117 706 1190 prius
729 1119 852 1173 verbum
875 1116 1044 1190 temporale
1067 1134 1136 1174 esse
1159 1125 1291 1186 constat,
1325 1119 1422 1175 solum
1444 1118 1531 1177 enim

229 1215 313 1272 iuxta
335 1210 375 1272 tio
397 1216 572 1291 adponitur,
595 1235 654 1274 nec
676 1218 845 1291 neglegitur
861 1220 984 1274 verbum
1007 1218 1063 1274 uisi
1085 1218 1110 1274 si
1127 1219 1216 1275 adest
1232 1219 1381 1276 ablativus
1404 1219 1447 1275 rei
1463 1221 1531 1277 deo

230 1324 394 1373 mactatae.
439 1318 674 1392 interpretantur
707 1319 796 1392 igitur
824 1328 932 1391 precor
947 1327 1056 1391 preces,
1090 1319 1147 1375 sed
1183 1319 1226 1376 ita
1259 1320 1309 1394 qui
1331 1320 1441 1377 dixerit
1463 1338 1532 1379 non

229 1425 413 1474 monstrant:
439 1420 522 1493 apud
538 1418 691 1476 Catonem
714 1429 763 1476 est
786 1419 876 1476 boreus
892 1428 992 1493 preces
1009 1428 1126 1493 precor,
1149 1422 1179 1476 in
1196 1422 1349 1478 Arvalium
1371 1421 1447 1479 actis
1472 1422 1532 1481 tuit

185 1540 187 1545 ·
231 1514 333 1588 boreas]
350 1517 450 1590 preces
465 1527 560 1592 posco,
594 1520 767 1576 devotIOnis
796 1519 922 1577 formula
939 1528 1045 1592 precor
1066 1538 1189 1576 ueneror
1211 1521 1325 1576 venium
1341 1528 1407 1594 peto
1431 1522 1532 1580 distat

230 1618 356 1691 longius
380 1627 442 1675 tum
463 1619 579 1676 infinite
602 1621 727 1676 multare
749 1620 860 1688 Latini,
893 1621 1031 1676 rusltuum
1055 1618 1137 1689 Osci,
1165 1621 1236 1677 hinc
1259 1621 1364 1679 Vmbri
1386 1631 1532 1698 correpta

231 1719 423 1795 diphthongo
446 1722 541 1778 molto:
564 1739 637 1778 num
659 1722 689 1778 in
705 1723 799 1778 modo
823 1720 937 1777 finitivo
954 1720 1039 1794 quod
1063 1721 1153 1776 multo
1175 1720 1227 1789 illi,
1249 1723 1282 1779 id
1304 1722 1361 1779 hos
1382 1724 1531 1798 prolixius
1604 1701 1606 1705 .

230 1837 356 1878 vocasse
379 1823 486 1878 moltuu
508 1823 666 1897 probabile
689 1832 736 1879 est
759 1831 810 1879 aut
832 1823 970 1889 ucoltuuu,
1006 1831 1098 1896 quam
1131 1823 1309 1896 scripturam
1343 1823 1447 1881 tabula
1470 1822 1531 1881 VII

231 1917 374 1978 exhibet?
418 1923 510 1980 immo
534 1942 605 1981 vero
627 1923 731 1981 rubore
754 1941 924 1999 congruens
961 1933 1009 1980 est
1042 1941 1110 1980 cum
1133 1909 1252 1980 Latinis
1274 1943 1407 1999 persona
1429 1925 1531 1999 prima

229 2021 383 2091 instantis
402 2023 529 2081 subocau
552 2026 628 2083 alius
650 2026 806 2099 temporis.
840 2041 877 2080 ac
900 2023 1032 2081 futurum
1053 2025 1177 2098 quidem
1211 2033 1242 2081 et
1269 2025 1342 2083 ideo
1364 2025 1530 2083 reiciemus

231 2124 315 2197 quod
338 2141 486 2198 personas
509 2127 575 2184 eius
595 2119 765 2184 invenimus
788 2143 842 2200 per
864 2144 920 2181 esse
933 2125 1051 2182 effictas
1064 2124 1164 2205 serest
1176 2133 1208 2182 et
1223 2126 1309 2201 quod
1330 2144 1424 2184 unum
1444 2124 1531 2183 subo·

231 2243 285 2280 cuu
308 2220 463 2282 concludit
485 2229 702 2302 precationem.
747 2228 915 2302 perfectum
948 2227 1038 2300 igitur
1061 2236 1108 2282 est
1130 2244 1185 2300 par
1208 2227 1302 2284 latino
1324 2228 1436 2295 uocaui,
1468 2227 1529 2285 alsi

231 2328 316 2400 quod
339 2335 475 2384 extrema
497 2328 612 2402 syllaba
635 2327 798 2403 liquefacta
821 2337 869 2385 est
891 2328 921 2382 in
939 2328 1076 2384 vocalem
1099 2323 1279 2402 (perquem
1300 2329 1430 2402 gradum
1448 2346 1531 2401 guu-

232 2428 310 2483 dium
333 2447 351 2485 a
371 2429 480 2501 gcuid·
501 2423 596 2501 venit)
634 2427 924 2501 discriminataeque
948 2446 965 2482 u
989 2435 1021 2483 et
1044 2447 1062 2482 u
1083 2428 1115 2484 in
1137 2428 1199 2487 tab.
1223 2427 1279 2483 Vll
1312 2428 1344 2484 in
1375 2446 1438 2503 qua
1457 2445 1531 2503 per-

231 2536 324 2603 petua
347 2536 394 2585 est
416 2527 558 2585 subocuuu
585 2529 744 2603 scriptura,
777 2547 831 2604 per
864 2546 972 2586 vocem
1003 2529 1165 2587 insiticiam
1198 2526 1284 2603 (osce
1312 2530 1465 2587 moltuuum
1488 2547 1531 2587 ex

230 2626 387 2704 moltuum).
431 2629 604 2687 falleremur
626 2647 711 2698 sane,
745 2631 770 2686 si
792 2629 962 2704 perfectum
985 2629 1091 2687 Vmbri
1115 2631 1261 2688 fecissent
1292 2639 1326 2687 ut
1348 2632 1437 2705 volgo
1463 2648 1532 2688 cre·

231 2731 309 2787 dunt
334 2731 456 2809 pelasci
481 2749 569 2788 versu
594 2734 643 2799 29,
679 2740 711 2788 at
733 2732 792 2788 hoc
815 2749 853 2788 ne
879 2740 984 2806 potest
1017 2733 1143 2806 quidem
1177 2750 1247 2789 esse
1269 2732 1455 2806 perfectum,
1476 2734 1530 2808 qui

230 2832 311 2889 enim
333 2832 482 2889 incohans
505 2850 569 2889 rem
592 2833 726 2890 divinam
748 2833 841 2890 homo
865 2842 937 2890 ante
961 2851 1052 2907 quam
1075 2834 1218 2908 porriciat
1241 2834 1302 2889 deo
1325 2834 1440 2891 audeat
1460 2834 1530 2908 glo·

229 2934 309 2991 riose
330 2935 509 3008 praedicare
525 2931 635 3008 penui?
672 2936 766 2991 immo
789 2935 884 3010 piabit
907 2943 960 2992 aut
982 2935 1092 2992 saltem
1114 2936 1189 3009 piat,
1213 2935 1401 3010 participiale
1424 2942 1531 2992 autem

224 3035 342 3113 peleusei
360 3052 428 3092 esse
450 3036 564 3110 pariter
585 3044 677 3110 atque
699 3035 787 3109 herc‘fi
809 3035 972 3093 formatum
995 3053 1085 3110 supra
1108 3036 1271 3094 declaravi.
1295 3036 1387 3093 dubia
1409 3053 1447 3097 ex
1469 3036 1529 3093 du-

229 3137 286 3193 biis
310 3136 379 3211 quia
401 3155 464 3194 non
485 3137 555 3194 licet
576 3137 719 3203 iudicari,
753 3137 862 3194 melius
885 3146 934 3193 est
956 3136 1055 3194 omitti
1084 3154 1191 3194 oscum
1213 3139 1337 3195 verbum
1364 3135 1530 3214 mascufum,
1596 3152 1600 3160 ·

148 3264 151 3268 Δ
231 3241 316 3313 quod
332 3239 389 3296 etsi
404 3247 521 3296 certum
537 3238 685 3295 habemus
700 3255 869 3313 congruere
885 3256 954 3295 cum
969 3239 1064 3295 latmo
1080 3239 1191 3316 mundo,
1215 3247 1319 3295 tamen
1331 3240 1371 3295 de
1389 3246 1531 3313 tempore

230 3340 293 3398 eius
331 3358 368 3398 ac
403 3341 501 3399 forma
530 3358 599 3398 cum
632 3341 778 3398 dixissem
811 3340 883 3398 mihi
917 3360 981 3397 non
1013 3342 1128 3415 liquere
1161 3335 1249 3416 (mue.
1272 3340 1371 3399 Rhen.
1395 3340 1530 3398 XXXIII

229 3461 258 3516 p.
273 3445 310 3501 61
328 3439 382 3517 ss)
407 3453 471 3499 tum
493 3427 629 3516 Buggius
648 3451 681 3499 et
702 3441 876 3500 Huschkius
899 3444 980 3499 varie
1003 3443 1223 3516 disceptarunt.
1257 3441 1428 3516 composita
1455 3451 1531 3499 suut

230 3545 293 3601 duo
315 3544 404 3601 unius
428 3544 510 3600 verbi
533 3553 672 3617 tempora
690 3545 862 3601 secundum
889 3552 1012 3601 cautam
1035 3543 1226 3619 diligentiam
1249 3561 1328 3618 quae
1353 3543 1384 3599 in
1406 3542 1530 3616 religio·

229 3646 317 3703 nibus
340 3664 377 3703 ac
399 3645 516 3720 legibus
539 3646 619 3702 valet
653 3643 703 3720 (cl.
726 3645 830 3719 quibus
853 3652 1002 3703 curatores
1018 3646 1218 3718 peruenerunt
1231 3644 1429 3718 permiserint,
1453 3663 1531 3718 quac

230 3748 299 3803 aedi
319 3747 362 3803 cie
383 3753 453 3802 sunt
473 3753 566 3816 eruut,
600 3747 728 3821 plurima
750 3744 834 3821 alia),
868 3765 923 3822 per
959 3764 1051 3820 quam
1073 3745 1207 3802 Romani
1238 3745 1380 3803 solebant
1402 3745 1531 3805 adicere

230 3867 297 3922 quos
318 3867 360 3904 me
383 3849 472 3904 sentio
496 3849 589 3903 dicere
612 3843 748 3923 (praeter
769 3848 1025 3904 consuetudinem
1058 3864 1145 3921 quam
1178 3865 1219 3902 me
1246 3847 1334 3902 sentio
1363 3847 1473 3902 cleucsse
1496 3848 1531 3904 in

230 3947 427 4006 Varronianis
450 3950 467 4007 l.
484 3951 501 4009 l.
526 3949 619 4009 Vns
655 3951 805 4026 simulque
828 3952 874 4007 utc'
895 3969 927 4006 eu
950 3951 1105 4007 rectissime
1128 3949 1226 4022 sense).
1269 3967 1307 4006 eo
1334 3951 1401 4023 ipso
1423 3958 1530 4010 autem

230 4058 411 4124 argumento
435 4069 497 4108 non
520 4050 643 4108 omnino
667 4051 854 4126 respondere
878 4051 1006 4108 efficitur
1028 4050 1170 4108 umbricis
1200 4050 1294 4106 latina
1327 4050 1461 4106 cuuocuui
1481 4052 1530 4108 in·

230 4169 308 4217 uoco,
332 4151 440 4208 melius
462 4152 537 4208 verti
561 4154 690 4208 adoraui
709 4154 796 4208 adoro
817 4154 984 4224 (uerteretur
1006 4171 1054 4208 uro
1079 4151 1216 4208 Valen'us
1240 4150 1429 4224 M.16.13).
1454 4154 1530 4226 quia

230 4252 399 4326 perfectum
421 4261 542 4327 tempus
565 4254 697 4328 aIIquam
719 4255 784 4311 eius
813 4254 856 4310 rei
891 4254 1071 4328 particulam
1103 4255 1162 4309 iam
1195 4253 1366 4309 absolutam
1400 4253 1528 4312 iudicat.

230 4372 332 4410 verum
355 4356 428 4411 dum
462 4364 584 4428 etymon
617 4356 803 4437 proferretur
835 4356 956 4422 certius,
990 4355 1071 4412 nolui
1105 4355 1268 4412 discedere
1302 4356 1340 4411 ab
1374 4355 1529 4414 sententia

230 4457 366 4528 quamvis
389 4457 578 4529 improbabili
601 4475 706 4513 eorum
728 4458 780 4532 qui
814 4476 853 4514 ex
875 4457 927 4512 sub
951 4466 981 4513 et
1004 4476 1067 4514 uoc-
1090 4466 1190 4514 ortum
1213 4457 1338 4514 verbum
1361 4473 1430 4515 esse
1453 4474 1528 4514 con·

229 4556 376 4614 iecerunt.
422 4557 497 4613 alius
520 4577 616 4633 nuper
639 4559 681 4615 vir
702 4577 815 4632 gnarus
837 4559 973 4632 subpleco
995 4559 1124 4631 supplico
1146 4559 1189 4615 ita
1212 4559 1350 4633 potuisse
1366 4562 1528 4618 extenuari

230 4659 357 4732 sumpsit
381 4659 394 4714 l
415 4657 532 4717 litterae
556 4659 690 4728 fastidio,
714 4678 772 4734 ego
796 4661 976 4717 subuculam
1004 4659 1170 4716 contulisse
1193 4661 1266 4717 satis
1291 4661 1401 4740 haben,
1436 4678 1528 4735 quam
