3742 5364
702 343 762 408 169
995 388 998 394 -
1288 343 1378 411 tvm

71 523 240 610 Pupdise.
263 526 403 591 inumek
412 526 528 590 kletra
541 527 739 602 veskleslrs
754 532 845 607 plico.
886 541 961 591 tunc
983 534 1091 594 lectica
1114 535 1244 592 vasculis
1272 532 1281 604 l
1304 553 1378 593 con-

72 628 392 692 vufetessevaknis
406 625 703 710 persnihmulVe·
754 634 880 692 sacratis
925 636 1119 693 sollemnibus
1164 636 1335 711 supplicato
1374 630 1379 714 Ι

76 749 165 792 sune
198 729 394 791 Puemunes
416 722 583 809 Pupdses
630 729 702 791 inu·
754 732 899 792 Vesunae
939 737 1068 794 Pumuni
1112 736 1238 812 Puplici.
1303 745 1376 795 tunc

75 830 161 893 mel<
194 822 311 912 svepis
344 830 429 902 heri,
454 827 613 911 lazariaf
643 850 701 893 an·
753 835 845 910 siquis
925 837 997 907 volt,
1040 832 1043 915 l
1073 855 1162 896 escas
1227 839 1377 913 inponite.

75 940 187 993 tantu.
210 931 350 994 inumek
372 951 452 995 erus
474 922 829 1013 tas'ezltertu.astunc
864 955 934 995 erus
971 939 1081 996 tacitus
1124 933 1128 1008 Ι
1160 940 1244 1000 dato.
1304 949 1378 998 tunc

77 1031 219 1103 inumek
252 1031 420 1107 kumastn,
455 1030 608 1115 adkanil
640 1032 703 1092 ka·
756 1039 939 1113 commolito,
1006 1049 1168 1099 accentum
1218 1034 1222 1118 Ι
1263 1043 1377 1111 canito,

78 1251 146 1299 tate
168 1242 234 1317 quis
258 1237 413 1316 spondet?
449 1241 590 1299 videlicet
613 1240 705 1297 seinul
723 1242 810 1298 semel
838 1241 1098 1318 deprehendimus
1127 1245 1158 1300 in
1190 1245 1266 1320 ipsa,
1299 1247 1376 1303 ulte-

78 1344 160 1401 riora
192 1361 230 1400 ex
263 1343 406 1401 umbricis
434 1343 616 1417 graecisque
648 1342 867 1403 coniectamus.
923 1361 1027 1400 verum
1058 1344 1117 1401 cibi
1150 1343 1377 1404 similitudinem

80 1461 205 1519 respuas
228 1445 309 1512 licet,
334 1444 512 1501 contribuas
536 1442 608 1499 keba
637 1443 678 1499 illi
704 1443 865 1518 prosapiae
891 1441 977 1516 cehefi
1000 1444 1120 1501 kukehes
1147 1446 1188 1502 de
1213 1464 1274 1521 qua
1304 1443 1377 1519 κήια

80 1554 153 1602 sunt
177 1545 304 1603 Graecis
326 1546 484 1602 nominata
507 1545 574 1602 loco
595 1538 817 1619 καθαρμάτων,
841 1544 872 1600 id
887 1552 934 1602 est
951 1544 1081 1603 fortasse
1097 1546 1293 1621 piacularium
1308 1548 1377 1604 loco

79 1631 258 1713 hostiarum}
282 1647 323 1702 de
347 1663 385 1703 ea
406 1655 511 1702 tamen
533 1646 686 1702 sententia
709 1643 793 1702 haud
824 1645 1012 1702 decesserim
1034 1663 1126 1720 quam
1154 1649 1249 1705 modo
1272 1649 1376 1706 decla·

79 1749 155 1816 ravi,
177 1748 242 1803 ovis
264 1765 375 1823 corpus
397 1755 450 1805 aut
472 1747 619 1805 maiorem
641 1755 760 1821 partem
783 1745 832 1803 hic
852 1746 1013 1822 significari
1041 1749 1102 1805 deo
1128 1749 1210 1823 prius
1231 1749 1377 1817 oblatam,

80 1850 143 1906 iam
164 1849 406 1924 quamprimum
428 1865 573 1906 arsuram.
617 1847 691 1904 fallit
721 1848 825 1922 specie
855 1847 1014 1906 Philoxeni
1047 1850 1149 1922 glossa
1181 1849 1242 1906 cehe
1273 1845 1379 1910 πάντα

79 1951 187 2007 nescio
211 1967 272 2025 quo
294 1951 388 2007 modo
411 1950 587 2025 depravata.
631 1950 700 2006 cum
721 1947 792 2005 kebu
815 1951 901 2026 quod
922 1968 1034 2006 nexum
1050 1959 1098 2008 est
1113 1953 1248 2025 pruzude
1271 1953 1311 2009 ad
1331 1951 1378 2008 lit·

79 2038 189 2109 teram⁸
202 2052 294 2110 latine
310 2051 342 2108 fit
357 2050 477 2124 preside
490 2045 541 2125 (cf.
558 2050 718 2125 praesides
740 2050 858 2108 resides
881 2051 1007 2108 desides
1029 2048 1179 2128 obsides),
1202 2052 1377 2109 meretrices

79 2171 159 2228 quas
181 2154 288 2227 volgus
310 2152 485 2228 prostibula,
508 2159 601 2226 poeta
625 2150 762 2209 Sarsinas
778 2152 899 2209 vocavit
921 2153 1080 2226 prosedas.
1123 2151 1212 2231 aedes
1226 2153 1270 2210 sic
1291 2170 1377 2228 petz
1455 2144 1459 2153 ’

80 2255 222 2312 scribitur
243 2255 273 2310 in
295 2254 400 2311 tabula
422 2253 478 2310 ΙΑ
501 2253 597 2329 quiin
613 2252 656 2310 Vl
677 2271 753 2309 serre
775 2254 899 2322 sedens,
922 2253 1193 2329 incompositione
1216 2256 1378 2312 verborum

79 2358 240 2430 regionem
261 2356 394 2414 Vmbros
418 2372 505 2412 sessu
528 2355 674 2413 maluisse
694 2373 786 2430 quarn
803 2358 885 2414 statu
906 2365 959 2413 aut
973 2373 1062 2412 vorsu
1085 2356 1248 2430 designare
1269 2356 1379 2431 collegi

80 2477 122 2514 ex
144 2463 232 2514 iestru
254 2477 318 2527 sese,
341 2468 433 2532 supra
455 2475 522 2514 sese.
560 2457 664 2531 itaque
687 2457 717 2513 in
740 2458 834 2514 altum
856 2458 1038 2531 productum
1057 2456 1155 2513 kebum
1177 2457 1324 2531 intellego
1346 2465 1379 2514 et

79 2560 305 2634 prominentem
327 2559 498 2633 ceterisque
521 2559 564 2616 sic
587 2559 786 2615 antistantem
809 2567 843 2615 ut
863 2559 955 2616 decet
977 2553 1154 2633 πρόεδρονῑ
1178 2567 1241 2616 tum
1266 2557 1376 2616 Pumu·

79 2679 155 2718 num
178 2661 224 2717 cui
245 2660 347 2719 adhuc
374 2659 517 2717 inferiore
543 2659 612 2717 loco
642 2658 850 2718 sacrificarunt
875 2660 1010 2716 eundem
1039 2658 1212 2717 sublimiore
1240 2678 1377 2735 compre·

81 2770 192 2818 cantur
213 2770 319 2819 contra
340 2779 378 2818 ac
398 2760 564 2819 Vesunam.

183 2866 221 2923 27
246 2861 371 2941 ezarzlrs
385 2864 423 2919 ab
447 2863 572 2919 edendo
595 2879 683 2921 escas
707 2864 812 2938 epulas
836 2863 953 2932 edulia,
976 2865 1086 2939 quibus
1108 2864 1190 2922 iuxta
1215 2881 1285 2921 cum
1311 2863 1379 2920 cibo

81 2967 169 3022 locus
192 2965 288 3022 estin
311 2966 393 3039 dape
415 2965 529 3031 divina,
552 2966 608 3021 sed
631 2965 711 3021 velut
740 2965 878 3021 secunda
904 2982 1012 3021 mensa
1044 2965 1213 3022 inferuntur
1234 2982 1252 3021 a
1275 2966 1379 3021 volen-

81 3067 174 3126 tibus
217 3084 275 3123 nec
297 3065 482 3123 dissimiliter
503 3065 652 3124 humanas
675 3066 705 3124 in
728 3067 875 3141 exequias
890 3065 1025 3140 primum
1047 3066 1221 3134 necessarii,
1242 3075 1307 3123 tum
1329 3066 1379 3125 alii

81 3168 222 3242 quilubet
243 3184 369 3224 munera
385 3167 461 3225 dant
476 3168 560 3242 prius
584 3185 675 3242 qnam
695 3185 787 3241 rogus
811 3168 988 3225 incenditur.
1026 3167 1062 3226 L.
1075 3165 1217 3224 Caesaris
1239 3168 1379 3224 manibus

80 3286 213 3325 marmor
235 3267 375 3325 Pisanum
398 3277 529 3326 testatur
551 3269 673 3344 publice
689 3287 744 3344 per
758 3269 953 3343 magistratus
976 3267 1093 3326 hostias
1108 3277 1258 3327 mactatas
1282 3278 1312 3325 et
1330 3269 1376 3326 lac

82 3370 144 3426 mel
166 3370 268 3425 oleum
291 3369 392 3426 fusum
415 3387 484 3426 esse
506 3363 559 3426 ‘ac
582 3378 645 3426 tum
669 3370 793 3426 demum
816 3368 927 3427 iactam
950 3369 1057 3427 ceteris
1080 3378 1276 3444 potestatem,
1301 3371 1378 3445 siqui

82 3471 222 3546 privatim
244 3471 338 3526 velint
360 3471 500 3527 manibus
516 3472 580 3528 eius
596 3470 719 3527 inferias
735 3471 865 3546 mittere,
888 3471 957 3527 nive
972 3471 1039 3545 quis
1055 3471 1183 3545 amplius
1202 3489 1264 3528 uno
1288 3489 1378 3529 cereo

81 3589 182 3628 unave
204 3570 270 3628 face
293 3589 446 3629 coronave
467 3571 577 3638 mittat,
600 3553 674 3628 dum
696 3571 716 3627 ii
738 3572 789 3647 qui
807 3571 1068 3631 immolaverint..
1082 3581 1215 3632 ,struem
1229 3571 1379 3647 lignorum

83 3667 289 3729 succendant>
312 3672 377 3742 (Or.
402 3673 485 3747 642).
528 3673 653 3730 increvit
681 3675 805 3731 verbum
831 3673 967 3730 similiter
994 3681 1088 3749 atque
1111 3674 1267 3748 operarius
1291 3691 1379 3731 caus·

82 3775 181 3831 sarius
202 3775 348 3848 prosarie,
370 3775 469 3831 latitat
492 3774 625 3831 dentalis
650 3776 707 3832 sub
730 3784 799 3833 zeta
821 3783 854 3831 ut
875 3775 907 3832 in
923 3775 1025 3848 pilton

185 3878 224 3935 28
252 3875 354 3932 favent
376 3876 485 3949 linguis
509 3877 583 3933 dum
605 3884 834 3933 consummatur
857 3875 1054 3946 sacrificium,
1086 3876 1169 3939 cauit
1197 3877 1312 3933 tibicen
1339 3893 1378 3932 ne

82 3979 157 4052 quid
178 3978 262 4034 aliud
284 3977 473 4046 exaudiatur,
498 3978 572 4056 dum
594 3980 767 4036 redduntur
787 3986 857 4034 exta
879 3974 984 4052 (Verg.
1001 3994 1106 4051 georg.
1129 3977 1240 4057 11193,
1265 3976 1379 4034 Salma-

83 4081 146 4135 sius
168 4096 267 4138 exerc.
292 4077 365 4138 Plin.
390 4096 418 4152 p.
440 4080 480 4136 87
498 4071 544 4155 s).
590 4080 633 4137 sic
655 4079 735 4137 haec
756 4087 789 4136 ut
813 4079 1025 4152 intellegamus
1054 4078 1167 4135 adkanz'
1185 4079 1249 4134 sive
1272 4077 1381 4136 accinii

83 4181 232 4237 vocabulo
254 4180 401 4247 ducimur,
424 4181 508 4254 quod
531 4180 561 4236 in
582 4181 811 4255 praecinentem
834 4180 988 4238 tibicinem
1008 4179 1104 4236 multo
1120 4179 1226 4237 melius
1248 4180 1380 4254 quadrat

84 4299 176 4357 quarn
197 4282 228 4337 in
248 4282 441 4339 sacerdotem
471 4289 555 4339 certa
588 4282 680 4338 verba
703 4283 931 4338 decantantem.
982 4279 1087 4355 itaque
1115 4281 1249 4339 carmina
1281 4280 1381 4355 qualia

84 4383 177 4439 sacris
200 4381 388 4440 Graecorum
410 4382 546 4456 collegiis
570 4383 617 4440 sui
640 4370 913 4466 bpvoblbdtoxulol
941 4383 1186 4458 componebant,
1211 4381 1301 4455 quale
1324 4382 1380 4439 Ar·

84 4484 166 4540 vales
190 4483 263 4540 clusi
286 4501 324 4539 ex
346 4483 454 4553 libellis
476 4483 657 4552 recitabant,
680 4484 720 4539 ab
743 4484 879 4542 umbrico
902 4484 960 4541 ritu
986 4502 1087 4544 arceo
1133 4490 1267 4540 ceterum
1297 4484 1382 4541 acci·

84 4585 178 4642 nendi
200 4585 325 4643 verbum
348 4585 481 4642 Romani
503 4585 704 4659 repudiarunt
727 4584 790 4641 fere
811 4603 912 4661 neque
927 4585 1097 4646 adhibuere
1118 4584 1178 4642 nisi
1197 4580 1387 4664 προςψδὶας

85 4687 325 4763 interpretationi
343 4685 483 4762 (Cyrillus
498 4683 651 4765 προςᾴδω
675 4681 813 4766 adeone),
836 4696 940 4748 tamen
955 4687 1057 4751 Varro
1069 4690 1099 4746 d.
1111 4686 1132 4744 l.
1143 4687 1163 4746 l.
1173 4683 1218 4741 VI
1230 4685 1269 4742 75
1283 4700 1392 4744 canere

510 4796 511 4799 ’
1181 4779 1233 4835 n*
