3742 5364
693 370 752 430 153
1299 368 1371 431 1115

69 564 261 630 ustentuta,
295 557 387 634 pude
406 549 411 632 l
431 548 541 613 fratru
563 570 726 614 mersusa
749 555 948 623 ostendunto,
985 554 1037 629 qui
1089 550 1094 634 Ι
1144 556 1269 616 fratrum
1305 577 1372 617 mos

70 655 368 738 fustlkumnakle.
406 651 489 714 inuk
512 652 617 714 uhtur
638 673 697 715 va·
750 655 806 712 crit
847 649 851 732 l
887 655 1026 729 collegio.
1082 666 1146 713 tum
1190 667 1296 716 auctor
1342 660 1373 716 in

70 766 164 843 pede
188 757 192 840 l
213 753 403 818 kumnakle
440 753 534 817 sistu.
585 753 699 837 sakre,
750 757 828 814 solio
853 751 857 833 l
879 757 998 832 collegii
1032 758 1194 818 considito.
1240 776 1372 828 sacrum,

70 880 178 925 uvem
208 859 314 920 uhtur
334 853 338 937 l
358 854 452 926 teitu,
479 863 605 935 puntes
626 863 694 916 ter·
747 874 836 914 ovem
859 851 981 934 auctori
1001 858 1107 928 dicito,
1131 867 1242 933 pontes
1266 862 1372 920 suffra·

71 963 212 1025 kantur.
256 956 396 1021 inumek
434 955 546 1032 sakre,
566 956 576 1028 i
597 973 699 1016 uvem
714 967 870 1034 rogentur.
913 967 986 1016 tunc
1008 959 1172 1031 sacrum,l
1203 978 1293 1020 ovem
1327 981 1375 1021 or-

72 1188 189 1228 novum
215 1167 304 1242 igitur
325 1183 439 1223 nomen
463 1165 544 1224 facio
568 1184 586 1222 a
609 1163 743 1220 moribus
766 1163 948 1221 derivatum.
989 1166 1075 1240 quod
1098 1165 1242 1222 siminus
1265 1167 1374 1242 placet,

72 1274 151 1330 meds
171 1278 296 1347 praesto
321 1278 369 1325 est
390 1267 460 1324 iuris
483 1265 667 1323 vocabulum
689 1273 722 1321 et
742 1265 836 1322 moris
859 1264 905 1322 ias
921 1283 958 1324 ac
974 1265 1037 1323 iura
1060 1268 1227 1343 sequentis.
1251 1268 1283 1324 id
1306 1286 1375 1326 cum

72 1372 262 1430 recentiores
284 1369 390 1427 Vmbri
410 1369 441 1425 in
464 1386 541 1424 mers
561 1366 707 1424 mutarint
728 1365 869 1441 iusteque
892 1384 929 1424 ac
952 1368 1009 1425 rite
1031 1377 1139 1443 parata
1161 1375 1266 1426 mersla
1289 1371 1375 1426 dixe·

72 1476 145 1542 rint,
169 1475 199 1530 in
222 1472 344 1530 casibus
368 1471 499 1546 obliquis
524 1470 625 1544 potuit
659 1468 790 1526 sortasse
825 1469 889 1526 fieri
919 1478 954 1527 ut
985 1470 1138 1527 recentior
1164 1473 1373 1544 pronuntiatio

72 1577 210 1651 placeret
232 1574 362 1648 primum
386 1572 580 1646 liquidosque
612 1587 705 1627 sonus
741 1571 800 1628 iam
834 1571 1050 1628 vetustioribus
1073 1572 1242 1647 aliquando
1265 1575 1373 1648 proba·

71 1685 166 1735 retur.
209 1675 253 1732 sic
276 1673 361 1748 quod
384 1672 454 1729 olim
477 1673 555 1728 reatu
578 1679 631 1728 aut
653 1677 709 1727 tetu
731 1671 956 1746 scriptitarunt,
990 1673 1105 1730 deinde
1137 1672 1167 1729 in
1200 1674 1295 1730 dzrstu
1322 1682 1375 1731 aut

75 1780 141 1834 ditu
163 1783 332 1844 mutarunt,
358 1775 390 1831 id
413 1774 443 1831 in
466 1773 571 1831 tabula
586 1773 629 1833 IV
645 1775 684 1832 28
707 1773 802 1830 semel
824 1773 969 1848 scriptum
996 1792 1059 1831 non
1082 1779 1170 1830 teratu
1186 1774 1320 1849 quidem,
1344 1782 1376 1831 at

73 1885 153 1937 tertu
182 1876 342 1936 invenitur.
387 1884 451 1931 tum
473 1891 583 1930 mersus
614 1872 761 1930 ablativus
783 1873 907 1949 pluralis
927 1881 961 1930 ut
973 1873 1099 1952 fratruo
1120 1882 1187 1940 est,
1220 1874 1376 1930 ktrmnakle

74 1981 238 2055 genetivus
261 1977 394 2034 officium
417 1983 470 2033 aut
492 1974 713 2050 proprietatem
744 1975 905 2032 declarans
927 1983 1084 2049 tamquam
1107 1976 1132 2031 si
1154 1975 1283 2031 dixeris:
1315 1975 1377 2032 col-

76 2082 148 2156 legii
171 2089 218 2138 est
240 2079 417 2154 magistrum
440 2076 541 2134 facere
564 2094 706 2132 annuum.

179 2184 197 2241 8
220 2182 303 2238 dona
327 2180 374 2236 dis
398 2178 540 2235 dicantur
562 2185 593 2234 et
617 2176 783 2234 offeruntur
806 2177 880 2244 duo,
902 2176 989 2232 saure
1010 2186 1043 2233 et
1065 2177 1139 2236 ovis
1185 2178 1261 2233 illud
1283 2179 1373 2253 quale

77 2285 169 2342 fuerit
191 2301 229 2339 ex
251 2283 375 2339 nomine
391 2297 453 2337 non
470 2287 610 2354 apparet,
632 2296 691 2335 nec
706 2277 779 2334 mihi
796 2278 868 2334 satis
887 2287 1011 2334 constat
1030 2287 1130 2336 utrum
1150 2279 1262 2336 animal
1288 2279 1378 2336 luerit

76 2404 120 2443 an
143 2404 180 2442 ex
204 2400 317 2458 genere
339 2382 468 2438 liborum
491 2397 657 2456 earumque
680 2397 781 2436 rerum
804 2397 883 2454 quae
906 2379 1071 2437 adolentur
1093 2381 1158 2438 sine
1181 2381 1291 2439 caede.
1322 2399 1378 2437 no-

78 2503 150 2543 men
173 2484 298 2558 quidem
320 2483 350 2538 in
373 2481 517 2538 dialectis
539 2480 685 2537 Italorum
709 2496 835 2554 compar
857 2487 905 2536 est
927 2479 1058 2548 hostiae,
1082 2489 1174 2555 atque
1198 2481 1299 2539 Latini
1323 2481 1377 2538 ho-

78 2587 169 2644 stiam
192 2584 321 2660 pecoris,
354 2582 519 2639 maximam
552 2580 684 2637 hostiam
706 2580 787 2637 ovilli
819 2580 939 2654 peeoris
962 2581 1160 2655 appellarunt.
1216 2591 1377 2658 praeterea

78 2689 166 2764 quod
188 2693 312 2762 optatur
333 2683 432 2755 sakre,
468 2683 552 2757 quod
574 2699 643 2739 cum
667 2700 705 2738 co
726 2682 807 2738 arvia
827 2681 902 2738 fiunt
925 2682 1005 2739 sicut
1025 2682 1100 2739 alias
1122 2701 1190 2740 cum
1217 2685 1317 2740 bobus
1340 2702 1377 2740 ac

78 2791 192 2858 suibus,
216 2788 275 2845 hoc
298 2794 329 2842 et
351 2793 453 2842 cetera
475 2785 554 2840 bene
582 2784 768 2840 conveniunt
790 2785 903 2858 pecori.
945 2784 1080 2857 denique
1096 2785 1224 2841 Arvales
1248 2786 1378 2859 primurn

77 2890 221 2967 porcilias
243 2887 404 2945 immolant
427 2886 607 2960 piaculares
631 2893 695 2942 tum
718 2903 789 2942 cum
811 2902 904 2941 vacca
926 2901 1048 2956 agnam,
1073 2885 1259 2960 Plautusque
1280 2904 1378 2942 sacres

79 3011 144 3050 non
167 2998 259 3047 vocat
282 2989 339 3046 nisi
362 3005 500 3063 porcos·
536 2995 660 3044 atvero
684 2988 769 3061 quod
792 2987 832 3042 de
855 2986 919 3043 eius
943 2985 1064 3043 hostiae
1087 2986 1304 3043 distributione
1327 2996 1380 3044 aut

80 3092 219 3168 prosiciis
242 3090 313 3147 nihil
336 3089 481 3164 scriptum
506 3087 645 3161 legimus,
681 3088 766 3163 quod
788 3087 831 3144 ita
854 3087 1027 3161 composita
1050 3095 1118 3144 sunt
1141 3087 1229 3143 sakre
1251 3095 1282 3144 et
1305 3089 1379 3158 ovis,

80 3195 160 3251 haec
183 3192 365 3250 dissuadent
386 3190 478 3246 valde
501 3189 629 3265 nequod
662 3189 774 3246 animal
806 3188 1032 3263 intellegamus
1081 3189 1200 3246 Romae
1223 3191 1311 3264 quod
1341 3189 1380 3246 ab

81 3295 199 3370 origine
222 3309 386 3350 commune
405 3308 520 3348 nomen
543 3290 599 3346 suit
622 3307 777 3347 sacrarum
802 3308 900 3347 rerum
922 3289 1094 3358 multarum,
1117 3290 1247 3346 socrz'tnu
1268 3297 1381 3364 postea

82 3397 197 3453 factum
223 3403 269 3451 est
291 3393 379 3450 unius
401 3392 574 3466 proprium,
598 3408 669 3448 cum
690 3391 838 3465 primitias
862 3390 922 3447 vini
952 3391 994 3447 ita
1018 3399 1164 3448 vocarent
1184 3400 1380 3466 mustumque

81 3498 208 3554 libatum
230 3494 355 3562 Libero;
380 3493 515 3550 similiter
536 3492 663 3548 umbrici
687 3492 828 3549 vocabuli
847 3492 1027 3565 significatio
1051 3510 1088 3548 ex
1111 3492 1244 3549 adsueto
1268 3493 1326 3549 ritu
1350 3492 1381 3548 in
1434 3545 1437 3548 Α

82 3606 247 3672 angustum
268 3604 378 3652 coacta
400 3603 456 3651 est.
492 3601 619 3650 auctore
636 3601 708 3651 vota
723 3600 922 3668 nuncupante
944 3592 1069 3650 fratrum
1085 3598 1192 3667 punies
1216 3592 1380 3650 terkantur.

83 3695 331 3754 obscurissimum
354 3695 413 3752 hoc
428 3694 554 3751 verbum
578 3701 635 3761 est,
659 3710 819 3751 assensum
844 3694 969 3751 fratrum
993 3703 1025 3751 et
1047 3694 1304 3770 approbationem
1327 3695 1382 3751 de·

83 3798 186 3855 notari
208 3805 308 3879 putes,
343 3797 407 3853 eius
441 3797 561 3869 signum
584 3795 666 3851 volui
699 3811 768 3852 esse
801 3793 1013 3870 suffragentur.
1058 3797 1141 3872 quod
1165 3796 1214 3870 qui
1238 3814 1256 3852 a
1278 3794 1382 3850 fractis

84 3900 204 3956 testulis
228 3899 378 3965 derivant,
411 3897 542 3953 viderint
565 3914 625 3971 quo
646 3904 740 3971 pacto
764 3913 852 3954 suam
874 3896 1052 3971 opinionem
1076 3915 1145 3954 cum
1168 3913 1296 3954 romana
1319 3894 1382 3951 sui·

1 4019 2 4022 ¹
85 4000 173 4075 fragii
196 3997 316 4055 ferundi
339 3998 564 4054 consuetudine
580 3998 752 4056 concilient.
792 3999 884 4054 immo
901 3997 983 4054 enim
998 3998 1127 4054 ductum
1149 3998 1278 4054 arbitror
1293 3997 1377 4053 uude

85 4101 280 4175 suffraginem
303 4098 531 4172 suffraginatum
552 4098 797 4173 suffraginosum,
820 4117 839 4155 a
854 4099 990 4174 corporis
1007 4098 1112 4156 habitu
1129 4098 1260 4156 laxantis
1283 4098 1382 4173 popli·

84 4211 149 4260 tem
171 4218 264 4275 seque
281 4199 495 4268 submittentis,
520 4200 605 4273 quod
627 4208 736 4257 contra
761 4199 794 4256 fit
809 4201 840 4256 in
857 4200 1044 4274 praeeundo.
1073 4199 1240 4256 umbricum
1259 4197 1384 4254 verbum

86 4319 242 4360 versuram
264 4301 419 4375 quandam
440 4309 493 4357 aut
512 4300 658 4356 flexuram
685 4300 849 4367 indicaret,
883 4299 908 4356 si
934 4299 1044 4357 terkum
1077 4300 1109 4357 id
1133 4300 1278 4358 valuisset
1298 4300 1383 4375 quod

86 4414 230 4478 torquere
245 4398 383 4477 τρέπειν,
406 4400 463 4457 sed
478 4401 637 4474 gutturalis
653 4401 811 4476 obstrepit.
846 4401 989 4458 convenit
1006 4397 1183 4476 δέρκοιντο,
1206 4401 1263 4458 sed
1287 4407 1384 4457 testes

85 4523 106 4561 a
127 4502 261 4561 videndo
281 4497 421 4577 ἵστορες.
465 4501 567 4558 malim
599 4502 638 4558 ab
671 4501 731 4559 hoc
759 4501 834 4559 teri·
857 4501 972 4559 factum
996 4503 1123 4560 credere
1145 4507 1226 4559 terat·
1251 4495 1384 4580 (testari,

86 4599 323 4678 tristamentom)
335 4612 370 4660 ut
384 4623 403 4661 a
418 4621 514 4679 proco
529 4604 696 4679 postulare.
719 4604 968 4679 Argonautarum
983 4605 1047 4662 dux
1061 4621 1184 4662 umeros
1197 4619 1287 4661 sacro
1302 4601 1385 4656 vela-

86 4716 135 4765 tus
158 4705 280 4774 amictu,
303 4715 409 4780 patera
431 4705 538 4762 latices
560 4705 589 4761 in
613 4705 741 4780 pelagus
765 4703 862 4760 libans
885 4723 940 4780 pro
963 4707 1064 4763 reditu
1088 4715 1159 4762 vota
1188 4706 1389 4776 conceperat,

1183 4799 1241 4851 10*
