3742 5364
744 381 784 438 63
1223 377 1337 438 Vnst
1352 377 1415 438 ΙΑ4
1458 374 1461 381 ’

113 581 223 626 esono
251 559 326 623 heri
347 559 430 621 vinu
451 558 525 623 heri
552 559 634 640 poni
656 557 738 622 fetu.
775 564 927 620 'divinam
955 565 1001 620 vel
1024 564 1093 619 vino
1121 565 1167 620 vel
1193 581 1289 638 posca
1312 564 1414 624 facito.
1477 614 1478 617 ,

111 675 221 727 vatuo
244 661 353 725 ferine
375 660 458 723 fetu.
479 661 483 737 l
754 685 779 722 ra
794 673 886 721 vatua
906 664 1022 720 ferione
1046 663 1175 732 facit0.·l

156 765 242 827 Post
273 762 367 825 verir
394 761 578 824 Treblanir
612 762 641 823 si
675 781 738 843 go·
833 766 908 823 Post
923 773 1044 840 portam
1057 763 1242 823 Treblanam
1258 784 1329 823 sues
1345 784 1414 841 gra·

112 867 184 929 mia
215 863 279 928 trif
296 863 370 926 fetu
392 863 508 925 Trebo
531 861 629 924 Iovie
652 863 739 926 ocri·
791 867 877 924 vidas
911 867 963 924 tris
991 866 1085 923 facito
1109 867 1211 924 Trebo
1240 869 1324 924 Iovio
1359 887 1415 944 pro

113 1074 157 1141 fit,
179 1048 267 1130 simul
290 1076 380 1128 batua
403 1078 689 1130 commemorantur.
734 1071 813 1128 aens
836 1071 1014 1145 scripturam
1036 1088 1092 1127 nos
1112 1071 1274 1146 sequimur.
1320 1090 1411 1146 quor·

115 1192 183 1231 sum
205 1173 297 1249 igitur
319 1172 394 1229 illud
419 1191 480 1228 cum
504 1190 534 1227 eo
546 1171 659 1248 fruges
672 1170 793 1249 facz'lo?
837 1172 878 1227 ad
891 1170 997 1248 ferina
1018 1171 1123 1227 referri
1144 1190 1314 1246 pronomen
1331 1181 1417 1230 vetat

114 1275 313 1351 praepositi0,
350 1291 472 1348 semper
502 1272 583 1329 enim
606 1273 781 1329 absolutum
803 1273 930 1346 legimus
965 1272 1143 1341 ablativum,
1179 1290 1240 1346 quo
1274 1274 1416 1348 exemplo

115 1397 169 1434 eru
192 1376 251 1434 dici
274 1375 410 1450 oportuit
432 1374 618 1448 simpliciter,
641 1391 716 1446 ergo
739 1373 905 1429 referemus
922 1374 963 1430 ad
984 1374 1071 1429 sukre
1094 1382 1125 1430 et
1140 1373 1305 1430 libamenta
1320 1374 1417 1448 prima

116 1478 302 1552 accipiemus
326 1475 473 1533 cumulari
495 1474 588 1548 fruge.
632 1475 770 1548 sequitur
785 1483 818 1531 ut
841 1481 928 1531 vaira
941 1473 1047 1552 sarrire
1068 1475 1148 1532 inter
1170 1493 1204 1532 se
1226 1476 1417 1532 'cohaereant

116 1581 192 1637 item
215 1598 251 1636 ac
275 1579 415 1636 comohota
438 1578 597 1645 trz'brzsine,
621 1595 690 1633 curn
713 1576 762 1634 hic
785 1576 986 1650 participium,
1009 1577 1068 1634 illic
1084 1576 1269 1634 adiectivum
1291 1585 1416 1652 praesto

116 1681 157 1738 sit
180 1681 324 1737 feminino
347 1680 470 1748 nomini.
514 1679 573 1735 hoc
597 1686 701 1736 autern
718 1696 809 1734 nemo
825 1678 951 1751 negabit
966 1679 1004 1736 ab
1023 1679 1134 1735 eadem
1153 1679 1268 1751 origine
1285 1681 1416 1735 descen-

117 1783 202 1839 disse
225 1787 312 1838 vatra
335 1790 365 1839 et
387 1787 486 1849 nanta,
521 1781 706 1837 adiectivum
729 1788 760 1836 et
782 1780 1006 1836 substantivum
1031 1780 1116 1835 cuius
1138 1779 1224 1836 modi
1246 1779 1277 1835 in
1298 1780 1417 1854 graecis

118 1891 190 1940 sunt
211 1880 322 1944 νέκυε(
345 1890 377 1940 et
399 1877 515 1956 νεκροί.
559 1882 704 1956 quocirca
725 1881 799 1937 ferio
825 1881 849 1936 si
872 1881 910 1936 sit
932 1881 1037 1949 culter,
1062 1886 1148 1936 antra
1164 1881 1239 1936 ferio
1264 1898 1334 1936 eum
1357 1881 1417 1955 sig·

116 1983 240 2041 nificare
263 1985 402 2041 videatur
425 2001 486 2056 quo
510 1983 615 2038 statim
638 1989 762 2038 utentur
784 1982 825 2038 ad
848 1982 1044 2038 mactandam
1067 2000 1166 2049 ovem,
1199 1986 1290 2038 anlua
1313 1989 1417 2038 autem

118 2094 219 2142 certos
242 2086 318 2142 ictus
344 2085 452 2159 quibus
475 2083 577 2140 hostia
598 2091 748 2140 mactatur
785 2077 836 2159 (cf.
863 2082 954 2157 Verg.
981 2082 1059 2141 Aen.
1086 2082 1128 2139 Vl
1155 2083 1227 2140 245.
1265 2081 1323 2137 XII
1345 2085 1414 2141 174.

118 2186 236 2244 Statius
258 2186 357 2245 Theb.
379 2186 423 2242 IV
435 2180 511 2259 461)
538 2193 609 2242 ante
634 2203 725 2260 qnam
746 2184 918 2241 victimariis
941 2185 1068 2258 popisve
1090 2184 1255 2241 caedenda
1278 2185 1416 2242 traditur.

116 2305 179 2345 neu
200 2288 314 2344 mireris
337 2288 368 2342 in
390 2287 493 2343 tabula
517 2286 562 2342 Ill
597 2304 660 2341 rem
693 2286 827 2342 divinam
860 2304 939 2360 quae
966 2294 1037 2342 ante
1069 2288 1199 2341 caedem
1221 2284 1360 2341 animalis
1384 2285 1416 2342 lit

120 2397 225 2446 tamen
248 2388 311 2444 fieri
334 2388 443 2455 cultro,
467 2388 602 2444 similiter
618 2387 749 2443 Romani
764 2405 803 2442 ne
820 2387 960 2443 manibus
986 2395 1157 2459 tangerent,
1180 2388 1277 2444 cultro
1301 2395 1417 2444 struem

118 2497 152 2545 et
174 2488 282 2545 fertum
307 2490 462 2547 faciebant
485 2484 577 2568 (Cato
601 2508 666 2563 cap.
692 2490 775 2562 141).
800 2498 830 2544 et
863 2489 997 2545 secivum
1030 2489 1121 2544 libum
1153 2497 1300 2546 vocarant
1331 2490 1417 2562 quod

118 2598 274 2646 secaretur
294 2593 445 2666 secespita
467 2591 622 2646 flaminum
638 2590 879 2663 pontificumque
895 2591 1015 2663 propria
1029 2584 1179 2665 (Paulus).
1212 2608 1315 2647 verum
1337 2589 1417 2647 hanc

119 2691 303 2748 sententiam
326 2710 396 2748 cum
419 2692 490 2747 olim
513 2691 725 2765 proposuerim
748 2690 907 2757 diffidens,
943 2709 1024 2746 nunc
1046 2692 1322 2765 derelinquendam
1345 2711 1418 2748 cen·

119 2807 190 2848 seo:
213 2810 275 2847 non
288 2793 388 2849 dicam
403 2811 500 2866 genus
518 2792 696 2849 femininum
713 2793 812 2847 minus
830 2793 981 2864 quadrare
997 2793 1028 2848 in
1044 2793 1172 2848 cultrum
1187 2811 1224 2849 ac
1239 2795 1416 2869 pugionem,

119 2895 178 2950 sed
201 2893 288 2949 ferire
308 2892 429 2951 Vmbris
454 2894 547 2950 fuisse
571 2893 755 2949 vocabulum
776 2894 940 2961 nescimus,
967 2893 1043 2948 ferre
1066 2894 1177 2950 scimus
1200 2895 1293 2969 idque
1317 2895 1416 2952 multi-

120 2995 228 3051 fariam
252 3003 429 3052 contextum
453 2996 555 3053 sacris.
602 2995 716 3051 deinde
748 2996 831 3069 quod
856 3005 962 3068 persae
997 2995 1177 3052 sacrificium
1206 2996 1319 3052 nullum
1340 2995 1420 3052 hanc

17 3097 20 3103 '
108 3094 242 3173 serrium
268 3095 372 3162 habet,
394 3096 426 3151 id
447 3096 547 3169 ipsum
569 3106 617 3151 est
641 3104 854 3168 argumentum
878 3095 1058 3152 sublationis
1092 3113 1128 3151 ex
1163 3105 1262 3153 terrae
1291 3096 1358 3152 solo
1382 3115 1419 3154 ac

120 3196 280 3253 levationis
304 3188 400 3271 qualis
424 3205 533 3253 natura
555 3197 647 3254 insita
673 3205 723 3254 est
745 3198 776 3253 in
794 3205 895 3272 etymo
919 3197 1046 3256 ferendi.
1069 3199 1173 3270 itaque
1198 3197 1298 3253 feretri
1320 3198 1420 3270 quod·

119 3297 193 3353 darn
215 3315 312 3371 genus
335 3299 397 3354 sive
421 3297 526 3354 ferculi
548 3298 705 3373 intellego.
750 3304 840 3354 butun
878 3308 949 3354 ante
983 3299 1152 3355 divinarem
1187 3298 1334 3371 originem
1358 3306 1418 3354 tra·

120 3398 201 3454 xisse
226 3417 244 3454 a
265 3398 432 3467 batuend0‚
457 3400 515 3455 etsi
538 3399 630 3455 Italos
655 3408 764 3457 contra
787 3418 877 3474 quam
900 3400 931 3454 in
949 3400 1103 3456 veniendo
1127 3397 1227 3454 benum
1249 3399 1419 3455 alternasse

120 3498 236 3555 litteras
259 3499 339 3556 nullo
363 3501 504 3574 exemplo
530 3510 662 3575 constat,
686 3510 740 3558 aut
764 3521 783 3558 a
806 3517 918 3574 graeco
942 3495 1041 3559 οὔταε
1065 3499 1189 3580 χαλκῷῑ
1222 3500 1292 3556 vide
1314 3520 1354 3557 ne
1378 3500 1420 3558 ad

120 3601 223 3673 ignem
243 3617 360 3658 sacrum
376 3603 552 3676 pertineant
575 3603 688 3659 adfinia
712 3604 827 3668 curtillo,
852 3621 912 3677 quo
929 3602 1030 3658 Latini
1053 3603 1177 3658 nomine
1197 3613 1229 3659 et
1248 3603 1419 3660 rutabulum

120 3701 199 3772 ignis
222 3711 254 3758 et
274 3702 372 3776 ipsum
395 3704 425 3759 in
448 3722 509 3778 quo
534 3704 710 3760 ferebantur
731 3723 848 3779 prunae
873 3704 1039 3771 vasculum,
1063 3700 1121 3775 τὴν
1144 3699 1295 3778 πυρὰμην
1316 3705 1419 3778 desig-

121 3802 240 3858 nabant
255 3796 342 3880 (Hor.
356 3813 411 3864 sat.
424 3805 436 3859 I
450 3807 478 3874 5,
492 3807 554 3879 36).
589 3825 606 3861 v
629 3807 657 3862 ei
672 3807 848 3881 principium
872 3814 937 3862 erat
953 3813 986 3861 ut
1003 3804 1102 3879 Caper
1125 3806 1243 3881 scripsit
1258 3824 1352 3879 gram.
1363 3806 1420 3863 VH

120 3921 152 3976 p.
169 3905 227 3961 112
243 3903 280 3960 K.
304 3913 336 3961 et
351 3905 536 3964 Philoxenus
560 3908 681 3983 allique,
706 3909 763 3964 etsi
786 3916 896 3982 postea
920 3909 959 3962 de
982 3925 1066 3963 more
1089 3907 1120 3962 in
1144 3905 1279 3961 batillum
1302 3906 1421 3962 transiit

123 4021 256 4078 eumque
279 3995 441 4062 sonnm'in
475 4009 708 4064 romanensibus
740 4009 849 4082 linguis
876 4008 976 4066 refert.
1022 4009 1052 4064 in
1076 4008 1180 4064 tabula
1217 4008 1294 4082 ignis
1328 4007 1422 4064 fertur

122 4102 256 4172 IIB12,
279 4104 423 4164 incendio
447 4110 692 4185 carbonibusque
715 4128 793 4185 opus
817 4119 865 4167 est
891 4112 932 4167 ad
955 4119 1025 4166 exta
1050 4128 1129 4184 quae
1155 4111 1184 4164 in
1207 4110 1267 4166 olla
1289 4109 1421 4165 Romani

125 4212 179 4263 aut
201 4205 232 4260 in
254 4223 326 4262 veru
347 4210 532 4283 coquebant,
568 4218 654 4268 varra
679 4212 753 4268 ferio
778 4213 818 4267 ad
840 4211 927 4267 rakre
959 4212 990 4267 in
1013 4211 1076 4268 tab.
1100 4210 1145 4266 ΙΙΙ
1177 4211 1312 4267 similiter
1335 4210 1422 4267 adhi-

121 4308 212 4363 betur
234 4323 271 4363 ac
292 4308 317 4363 si
338 4309 399 4365 liba
422 4310 468 4367 dis
492 4313 604 4368 dentur
626 4313 765 4370 canistris
789 4313 953 4369 extaribus.

225 4409 264 4466 58
285 4426 348 4464 sues
360 4412 515 4484 gravidus,
537 4412 715 4490 rzsgomz‘af.
753 4414 836 4470 idern
858 4403 918 4472 hoc
934 4413 1118 4471 vocabulum
1141 4414 1179 4469 ab
1195 4415 1292 4470 obeso
1315 4421 1421 4469 ventre

123 4508 258 4566 latinitas
281 4511 322 4566 ad
336 4510 531 4584 gulositatem
548 4514 682 4571 traduxit
699 4514 895 4589 Luciliusque
913 4515 944 4570 in
960 4514 1098 4571 convicio
1122 4513 1262 4572 adhibuit
1278 4512 1369 4570 XXX
1381 4516 1422 4574 45

123 4595 255 4668 et'Iva
287 4611 435 4681 Muelleri,
469 4616 644 4688 compellans
674 4617 791 4690 gumias
824 4635 865 4672 ex
900 4618 1000 4673 ordr'ne
1032 4623 1146 4674 nostros
1179 4626 1214 4675 ut
1245 4617 1427 4692 quiessent

122 4707 277 4785 γαετέρε(
299 4705 380 4788 οἷον,
412 4715 483 4770 illue
501 4718 618 4789 gumiae
649 4718 762 4774 vetulae
792 4718 933 4790 inprobae
960 4721 1080 4794 arreptae.
1125 4717 1221 4776 latine
1253 4717 1346 4778 modo
1380 4714 1430 4773 sic
