3742 5364
696 343 754 402 155
1284 342 1376 401 11115

73 540 236 602 prumum
271 528 421 593 autentu,
454 517 538 581 inuk
568 506 705 582 sihseda
756 524 887 599 primum
911 525 1060 600 inponite,
1085 534 1148 583 tum
1164 526 1316 584 cancellos
1325 528 1380 582 im·

76 630 232 694 ententu‚
253 617 256 701 l
278 619 362 681 inuk
391 619 470 682 kazi
493 619 613 683 ferime
645 640 703 682 an·
717 645 742 684 rs
755 619 962 702 ponito,ltum
986 627 1100 701 lignum
1122 629 1322 701 gestatorium
1334 628 1379 684 in·

77 732 190 785 tenta.
234 721 327 784 isunt
346 719 506 784 fedehtru
526 718 530 801 Ι
554 730 698 784 autentu
749 727 866 800 ponite.
910 728 982 784 item
1018 727 1171 785 sedetrum
1197 721 1201 794 l
1230 729 1379 803 inponit0‚

75 937 286 1008 superstruere
309 929 383 986 velis
407 944 469 984 non
492 926 609 984 firmata
632 945 686 1001 per
708 927 841 984 solidum
863 931 1055 1003 compagine.
1096 948 1188 1004 porro
1213 931 1325 989 lectica
1347 943 1380 989 ut

75 1041 188 1104 saepta
210 1030 294 1087 clusa
316 1028 377 1096 fiat,
402 1029 666 1102 quemadmodum
689 1027 766 1085 Pisis
789 1038 861 1086 ante
877 1030 1067 1103 parentalem
1092 1031 1125 1090 L.
1140 1030 1282 1089 Caesaris
1296 1051 1379 1090 aram

74 1131 164 1188 locus
185 1130 338 1205 stipitibus
363 1129 497 1186 rubustis
521 1138 661 1204 saeptus
683 1129 802 1186 Romae
830 1148 902 1186 area
928 1130 1068 1188 Volcano
1092 1132 1239 1190 dedicata
1269 1135 1308 1192 ob
1332 1135 1376 1191 in-

76 1232 223 1290 cendium
245 1230 454 1288 Neronianum
477 1231 561 1288 clusa
585 1231 715 1288 verubus
738 1240 795 1300 est,
818 1232 1084 1307 quemadmodum
1107 1233 1211 1308 lapide
1237 1244 1290 1292 aut
1312 1253 1377 1292 ma-
1429 1299 1432 1304 ,

74 1334 154 1390 teria
176 1333 418 1407 circumsaeptae
442 1349 512 1389 arae
533 1341 614 1399 sunt,
647 1333 806 1407 imponunt
834 1333 862 1389 ei
895 1318 1009 1389 lr'lzleda
1041 1335 1150 1407 quibus
1185 1335 1324 1408 cingatur
1347 1337 1378 1392 in

73 1435 205 1492 modum
228 1431 404 1508 κιγκλίδων,
428 1434 633 1491 cancellorum
656 1434 826 1493 clatrorum.
861 1443 956 1491 restat
981 1442 1015 1492 ut
1038 1453 1122 1491 aram
1145 1416 1304 1510 superficie
1333 1445 1379 1492 te·

74 1544 152 1610 gant
168 1543 199 1592 et
215 1535 288 1591 kazi
296 1534 408 1613 ferz'me
430 1535 599 1610 imponant.
633 1533 733 1609 priore
750 1533 898 1590 vocabulo
915 1535 1032 1608 tignum
1048 1552 1224 1592 asseremve
1241 1537 1377 1610 ligneum

76 1637 178 1694 notari
199 1637 352 1706 existimo,
376 1637 415 1692 ab
439 1637 550 1693 eadem
573 1635 690 1709 origine
712 1652 825 1690 nomen
849 1643 1009 1691 traxerunt
1034 1634 1190 1692 kasirunus
1212 1644 1244 1693 et
1259 1655 1332 1696 casa
1347 1649 1380 1694 et

75 1748 187 1805 castra,
211 1732 333 1797 κάστον
357 1737 545 1793 Athamanes
570 1753 698 1792 vocasse
725 1736 838 1808 lignum
870 1735 1043 1810 Hesychius
1073 1737 1178 1797 tradit.
1220 1756 1279 1795 nec
1306 1739 1379 1796 vicit

74 1857 145 1896 mos
165 1839 374 1896 Romanorum
397 1855 465 1894 aras
489 1856 527 1894 ex
551 1847 690 1911 tempore
713 1836 891 1909 ponentium
909 1837 1114 1911 caespiticiaS,
1139 1837 1211 1893 kazi
1230 1847 1263 1894 ut
1285 1839 1377 1896 inter·

74 1949 212 2015 pretarer
234 1939 411 2013 caespitem,
445 1940 530 2013 quod
553 1937 736 1995 vocabulum
757 1937 963 2012 particulatim
985 1939 1110 2012 quidem
1143 1939 1201 1996 sed
1225 1957 1287 1995 non
1311 1941 1378 1996 uni-

3 2091 10 2100 .
74 2058 195 2098 versum
217 2040 295 2097 illius
319 2040 417 2097 simile
439 2050 497 2099 est.
529 2039 641 2118 ferzhze
663 2049 785 2097 constat
810 2057 848 2095 ex
869 2041 1047 2116 accusativo
1070 2041 1200 2098 nominis
1225 2050 1257 2098 et
1283 2043 1376 2098 z'nvcl

75 2162 110 2198 en
133 2142 370 2217 praepositione,
384 2140 481 2219 serim
505 2149 534 2196 et
559 2141 642 2215 quod
665 2141 766 2198 multis
790 2142 865 2217 locis
890 2141 1016 2214 legimus
1029 2137 1137 2216 serina
1158 2143 1259 2216 magis
1283 2143 1375 2199 etiam

74 2244 156 2299 inter
178 2260 210 2299 se
235 2251 369 2316 cognata
394 2243 535 2299 videntur
558 2260 650 2317 quam
684 2251 819 2299 mentem
847 2251 877 2298 et
904 2243 1077 2310 mentione,
1106 2253 1229 2316 partem
1252 2252 1283 2298 et
1306 2261 1376 2317 por·

76 2345 172 2412 tione,
196 2345 299 2402 statim
320 2354 351 2401 et
373 2345 517 2413 statione,
551 2343 683 2401 fortasse
705 2345 835 2400 moleste
859 2343 1000 2400 ferebant
1036 2343 1111 2400 ferio
1134 2344 1159 2400 si
1183 2353 1377 2402 excresceret

75 2447 106 2503 in
118 2445 275 2524 ferz'nome.
320 2456 483 2521 utrumque
507 2446 581 2520 quin
604 2465 622 2503 a
646 2445 776 2502 serendo
799 2455 897 2502 ortum
926 2447 964 2503 sit
988 2447 1049 2503 noli
1074 2446 1230 2514 dubitare,
1255 2447 1314 2504 hoc
1332 2447 1377 2503 in-

76 2555 229 2620 terpretor
249 2548 363 2620 lignum
386 2548 416 2603 in
441 2547 570 2602 latrarem
602 2547 634 2602 id
669 2555 716 2602 est
743 2548 828 2621 quod
860 2545 937 2603 ferre
959 2547 1064 2622 possit·
1079 2556 1110 2602 et
1132 2547 1249 2604 debeat
1282 2548 1376 2604 modo

76 2647 190 2715 feretri,
213 2647 294 2703 velut
316 2648 346 2703 in
370 2665 434 2703 rem
457 2665 526 2704 esse
550 2648 692 2704 dicuntur
712 2646 871 2722 profutura
888 2648 934 2704 vel
954 2648 1087 2721 pecunia
1109 2648 1140 2703 in
1164 2648 1278 2704 victum
1300 2649 1376 2704 dari.

179 2750 217 2806 16
240 2758 312 2823 post
335 2765 426 2822 quam
450 2756 615 2822 suggestus
639 2765 710 2805 arae
735 2749 838 2805 similis
861 2749 1030 2823 quadratus
1054 2748 1116 2804 fere
1135 2748 1261 2816 exstitit,
1285 2734 1377 2824 super

75 2850 276 2924 imponuntur
298 2850 326 2905 ei
349 2850 465 2908 altaria.
510 2858 604 2923 atque
627 2850 657 2905 in
680 2851 800 2924 templis
825 2850 979 2925 hodieque
996 2849 1028 2925 fit
1043 2857 1077 2906 ut
1093 2867 1130 2906 ex
1147 2857 1232 2925 parte
1256 2849 1376 2925 postica

75 2951 108 3007 in
131 2951 278 3007 maiorem
301 2952 493 3008 altitudinem
516 2969 569 3008 ara
592 2960 697 3024 surgat
720 2961 811 3008 aucta
843 2953 1042 3009 tabernaculo
1069 2961 1123 3009 aut
1156 2952 1249 3026 signis
1276 2959 1308 3007 et
1329 2968 1376 3007 or-

76 3060 152 3108 natu
175 3053 352 3127 conspicue.
394 3053 438 3109 sic
460 3051 499 3108 illi
523 3068 594 3109 arae
618 3053 681 3108 duo
703 3051 866 3127 imponunt
883 3053 1019 3110 tabulata
1043 3054 1105 3110 sive
1122 3061 1266 3128 pegmata
1289 3053 1376 3126 quasi

75 3170 132 3227 per
152 3153 300 3209 scalarum
321 3136 435 3226 gradus
459 3146 599 3226 ‘longum
624 3153 762 3210 breviore
786 3163 935 3228 sequente
958 3162 991 3210 ut
1006 3155 1082 3211 clivo
1105 3155 1238 3210 crevisse
1260 3148 1376 3228 putes’,

75 3252 201 3310 inferius
216 3249 368 3327 secretim,
392 3253 530 3328 superius
552 3252 720 3331 susedaklu,
743 3271 822 3328 quae
845 3272 908 3311 non
923 3263 1052 3329 possunt
1075 3274 1093 3313 a
1115 3253 1245 3310 ferendo
1264 3262 1295 3311 et
1315 3254 1376 3310 sul·

75 3354 205 3410 ferendo
229 3354 311 3411 dicta
333 3371 418 3432 esse,
451 3355 596 3429 quoniam
628 3356 659 3411 in
691 3356 792 3412 locum
821 3375 839 3410 r
870 3356 988 3413 litterae
1017 3373 1071 3413 cur
1100 3356 1267 3414 substituta
1296 3356 1381 3413 sitd

76 3455 220 3529 explicari
242 3455 360 3528 nequit.
399 3455 612 3528 Paelignorum
629 3456 752 3511 verbum
775 3453 866 3532 afded
888 3451 998 3525 (musei
1014 3455 1099 3515 rhen.
1115 3455 1247 3512 XXXlll
1258 3474 1287 3530 p.
1301 3457 1375 3531 283>

76 3564 185 3629 utpote
209 3556 344 3612 incertae
369 3555 598 3629 significationis
631 3556 796 3631 praeterire
825 3556 932 3612 melius
965 3564 1021 3625 est,
1057 3574 1242 3631 quamquam
1274 3576 1377 3632 neque

76 3657 215 3713 adverbii
236 3658 270 3713 id
291 3658 356 3713 vice
380 3656 463 3731 fungi
486 3642 622 3732 Buggius
646 3656 717 3714 mihi
739 3658 891 3731 persuasit
913 3675 971 3715 nec
994 3659 1085 3732 longe
1110 3657 1200 3715 aliam
1224 3658 1283 3714 vim
1300 3659 1376 3715 'sub-

75 3759 187 3814 iectam
218 3757 312 3814 fuisse
346 3755 525 3814 Corfiniensi
556 3757 590 3817 θ
622 3766 715 3832 atque
745 3756 909 3814 Vmbricae
935 3754 953 3815 Ἱ
986 3760 1114 3818 litterae.
1166 3759 1376 3835 Methymnaei

75 3855 244 3934 φαλληνὸν
266 3859 409 3917 colebant
437 3854 620 3919 Διωνύσοιο
644 3853 785 3932 κάρηνον
810 3858 842 3914 id
869 3868 916 3915 est
939 3854 1068 3921 ἐλάινον
1093 3857 1221 3936 κορμόν,
1255 3861 1376 3919 Atticus

77 3961 213 4019 comicus
229 3957 280 4022 ἐπὶ
298 3959 453 4037 φαλήτων
469 3959 609 4023 συκίνων
625 3958 791 4022 ἑκκαίδεκα
807 3962 944 4019 comburi
961 3963 1049 4019 iussit
1063 3964 1251 4038 piacularem
1267 3964 1375 4032 civem,

76 4061 215 4119 Idmonis
239 4067 378 4139 sepulcro
401 4073 555 4139 superstat
567 4060 603 4124 ἐκ
619 4059 758 4124 κοτίνοιο
774 4058 910 4139 φάλαγξ,
934 4081 1026 4138 quam
1045 4065 1210 4124 scholiasta
1222 4066 1376 4141 Apollonii

75 4162 176 4222 11843
199 4173 231 4221 et
252 4165 458 4240 lexicographi
481 4174 640 4240 exponunt
661 4161 810 4239 ἐπίμηκες
827 4161 879 4224 καὶ
900 4162 1103 4240 στρογγύλον
1123 4162 1228 4242 ξύλον,
1251 4161 1375 4242 φαλάγ·

76 4281 169 4339 γωμα
194 4286 306 4343 pompa
330 4270 434 4324 nescio
458 4285 537 4341 quae
561 4276 681 4325 sacrata
703 4269 764 4324 deo
786 4267 931 4342 phallico:
959 4267 1041 4341 fiunt
1071 4267 1205 4325 tabulata
1225 4265 1375 4344 scalaeque

77 4367 204 4436 Ennius,
228 4371 259 4426 in
282 4371 362 4427 circo
386 4369 461 4428 falas
484 4369 602 4426 Nonius
625 4388 653 4444 p.
669 4372 729 4427 114
752 4369 855 4425 scribit
875 4371 961 4444 apud
975 4379 1093 4428 veteres
1113 4380 1239 4446 propter
1255 4380 1376 4446 specta·

78 4479 160 4527 tores
184 4481 301 4529 erectas
324 4490 392 4529 esse
417 4490 434 4527 e
457 4472 550 4545 ligno,
573 4489 613 4526 ex
625 4469 711 4548 falti
733 4470 820 4527 idest
833 4488 872 4525 ex
894 4472 967 4526 locet
987 4473 1146 4528 exstructis
1168 4471 1279 4530 Paulus
1298 4473 1332 4532 F.
1344 4481 1376 4528 et

78 4571 225 4646 deinceps
239 4572 330 4650 salae
354 4575 446 4629 dz'ctae
463 4572 499 4628 ub
519 4573 683 4638 altitudine,
703 4570 872 4649 ejulando,
895 4575 976 4646 quod
989 4575 1069 4647 apud
1080 4573 1217 4631 Etruscos
1230 4572 1379 4649 significa!

78 4675 198 4731 caelum.
241 4673 312 4732 hinc
333 4675 436 4750 potius
459 4694 551 4751 quam
566 4693 584 4732 a
600 4672 726 4735 Faleriis
743 4674 895 4732 deductas
914 4676 1043 4733 arbitror
1066 4695 1144 4752 quas
1166 4675 1198 4732 in
1220 4675 1371 4735 bubilibus
