3742 5364
711 365 750 422 67
1292 364 1380 425 Vtut)

78 543 180 624 spefa
217 564 278 606 eso
321 545 510 624 persnimu:
555 543 705 606 ‘Fisovie
757 548 845 622 speia
880 549 923 605 sic
960 559 1119 622 precator:
1157 547 1269 607 ‘Fisovi
1306 549 1382 607 San·

79 636 211 716 San'sie
257 645 341 707 tiom
380 666 440 707 esa
477 644 570 708 mesa
606 643 706 724 speia
757 651 827 717 ci,
858 660 889 707 te
938 651 997 708 hac
1040 651 1120 707 mesa
1165 652 1253 726 speia
1296 651 1381 707 Fiso·

76 744 244 807 Fisovine
266 745 404 825 ocriper
425 744 531 818 Fisiu,
566 755 705 825 totaper
757 751 827 807 vina
871 768 926 824 pro
969 734 1039 808 arce
1077 752 1169 819 Fisia,
1213 769 1268 826 pro
1305 754 1380 808 urbe

76 846 221 920 Iiovina,
241 847 251 920 l
272 866 350 910 erer
387 857 585 924 nomneper‚
625 865 704 907 erar
719 869 742 906 ιο
757 851 894 924 Iguvina‚
913 848 922 919 l
945 869 999 925 pro
1015 851 1092 908 arcis
1108 852 1243 919 nominc,
1262 869 1316 926 pro
1333 870 1381 907 ur·

76 966 278 1027 nomneper,
316 945 456 1009 'Fisovie
473 941 607 1025 Sansie,
633 945 706 1007 ditu
757 952 802 1007 bis
839 953 971 1010 nomine.
1032 952 1134 1008 Fisovi
1168 951 1268 1020 Sanci,
1305 953 1380 1009 dato

77 1069 161 1111 ocre
196 1048 277 1123 Fisi‚
322 1058 396 1110 tote
433 1046 564 1119 Iovine,
603 1066 702 1109 ocrer
754 1052 817 1108 arci
854 1035 963 1121 Fisiae,
1003 1053 1067 1109 urbi
1104 1053 1259 1127 Iguvinae,
1302 1055 1380 1110 arcis

76 1148 181 1222 Fisie‚
220 1158 314 1210 totar
344 1145 483 1211 Iovinar
518 1146 703 1227 dupursusl
755 1153 866 1220 Fisiae,
903 1153 983 1210 urbis
1021 1153 1168 1228 Iguvinae
1205 1148 1381 1232 bipedibus!

76 1258 305 1329 peturpursus
349 1247 422 1310 fato
464 1246 544 1320 fito,
594 1267 702 1328 perne
754 1256 1003 1328 quadrupedibus
1032 1254 1147 1310 factum
1173 1254 1268 1322 litum,
1305 1264 1379 1312 ante

75 1358 218 1429 postne,
262 1368 365 1428 sepse
409 1352 546 1420 sarsite,
594 1370 702 1411 vovse
753 1363 834 1428 post,
862 1372 1001 1412 seorsum
1031 1355 1184 1422 univorse‚
1218 1363 1289 1412 voto
1324 1374 1378 1413 au-

77 1449 155 1512 avie
168 1469 289 1523 esone3
305 1448 380 1511 futu
392 1447 480 1521 fonS,
496 1468 602 1529 pacer
615 1469 701 1529 pase
752 1456 839 1528 gurio
851 1455 1014 1523 sacrificio;
1032 1465 1099 1511 esto
1113 1455 1218 1511 volens
1229 1457 1378 1530 propitius

78 1665 110 1712 et
132 1656 213 1712 mela
237 1674 324 1713 versu
348 1657 377 1724 5,
402 1657 471 1729 quia
498 1657 583 1713 initio
607 1656 701 1713 totius
725 1657 861 1713 sacrificii
894 1657 1115 1732 praescriptum
1145 1665 1212 1714 erat
1243 1664 1277 1712 ut
1304 1657 1380 1729 poni

75 1757 162 1814 fieret
182 1776 269 1815 versu
293 1759 320 1816 3.
370 1757 461 1824 mesa,
484 1776 575 1831 quam
598 1757 649 1813 libi
681 1775 778 1830 genus
809 1777 880 1815 esse
902 1759 1042 1832 exposui,
1076 1776 1248 1832 cognomen
1275 1758 1379 1814 adeo

75 1857 188 1931 accipit
212 1859 336 1915 Fisuina
371 1868 516 1932 tanquam
545 1859 664 1914 Romae
699 1859 816 1914 Iunuul
848 1859 906 1915 lz'bz'
932 1878 1025 1933 genus
1056 1861 1133 1933 qued
1160 1860 1234 1915 luno
1268 1852 1390 1914 lantum

75 1959 159 2014 modo
182 1958 331 2015 delibatur
353 1968 432 2015 teste
456 1958 561 2017 Pau10.

178 2062 217 2118 10
240 2060 385 2133 dupursus
401 2065 606 2133 peturpursus.
651 2061 681 2116 iu
702 2061 843 2134 precibus
868 2061 994 2134 quidem
1016 2061 1096 2117 Palis
1119 2068 1213 2135 poeta
1235 2059 1378 2115 homirius·

75 2180 131 2234 que
150 2179 311 2235 gregesque
333 2161 503 2227 substituit,
539 2170 642 2217 tamen
664 2163 757 2218 etiam
786 2163 827 2218 ad
849 2162 1008 2218 Romanos
1043 2161 1287 2235 antiquissimam
1319 2159 1380 2215 for-

75 2261 190 2317 mulam
212 2262 388 2335 pervenisse
402 2263 519 2342 credas
542 2280 581 2318 ex
603 2263 763 2335 proverbio
793 2281 854 2338 quo
875 2280 1015 2336 spurcos
1038 2262 1178 2319 homines
1202 2269 1312 2317 notant
1336 2260 1376 2316 bi·

68 2364 176 2436 pedum
199 2363 475 2436 quadrupedumque
497 2364 691 2436 nequissimos.
722 2365 855 2419 eandem
872 2381 995 2420 carmen
1015 2360 1148 2420 indicum
1164 2362 1267 2428 habet,
1293 2363 1377 2435 quod

75 2481 202 2520 vaccam
225 2464 418 2520 immolantes
441 2465 572 2520 recitant
594 2464 675 2520 facta
703 2465 850 2520 libatione
880 2466 952 2521 dum
982 2473 1099 2538 ungunt
1123 2464 1291 2530 victimam,
1315 2480 1377 2537 quo

77 2566 314 2639 quadrupedum
335 2566 542 2639 bipedumque
565 2566 723 2621 dominum
754 2583 791 2622 ac
822 2568 916 2622 deum
939 2576 1027 2622 orant
1050 2575 1082 2622 ut
1104 2575 1249 2639 sequatur
1270 2566 1377 2622 immo·

76 2666 191 2722 lantem
213 2663 378 2740 proventus
402 2666 574 2722 divitiarum
598 2663 759 2742 (Weberus
784 2669 864 2725 stud.
889 2668 980 2724 indic.
1008 2667 1043 2723 13
1065 2686 1094 2741 p.
1115 2665 1200 2742 207).

177 2769 211 2824 ll
247 2776 429 2841 proventum
462 2776 665 2841 eventumque
698 2786 879 2843 prosperum
914 2767 1181 2841 comprehendunt
1209 2767 1281 2848 salo
1311 2767 1376 2841 fito,

74 2868 208 2926 faciendi
230 2868 385 2943 fiendique
406 2869 513 2942 copia,
537 2868 664 2925 facultas
691 2878 722 2925 et
744 2869 885 2925 felicitas.
930 2887 1001 2926 nam
1036 2870 1109 2925 illud
1131 2888 1149 2924 a
1164 2869 1224 2947 fac
1247 2871 1373 2927 ductum

74 2989 129 3046 pro
144 2967 234 3045 saleto
258 2979 306 3026 est
328 2963 381 3047 (cf.
397 2972 511 3027 bouum
533 2970 647 3026 factum
661 2988 716 3044 pro
733 2965 837 3049 ἀγαθῇ
862 2966 962 3049 τύχῃ),
1000 2970 1058 3027 hoc
1075 2973 1156 3026 uude
1173 2969 1378 3046 umbrfuiest

74 3071 263 3145 latinumque
279 3069 340 3144 fiet,
364 3071 438 3145 φῖτυ
463 3071 560 3127 fetum
583 3072 733 3144 significat
756 3073 964 3144 grammatice,
988 3088 1106 3126 conexa
1126 3073 1281 3128 actionem
1304 3091 1374 3146 pas·

74 3173 252 3245 sionemque
268 3171 426 3228 continent
442 3172 629 3230 incrementi.
672 3181 765 3244 perne
780 3178 884 3244 posuu
901 3167 1027 3246 npoccnt
1043 3168 1094 3230 καὶ
1111 3167 1237 3245 ὀπίεεω,
1262 3181 1295 3229 ut
1311 3172 1375 3228 Iani

73 3273 198 3347 gemina
231 3272 315 3328 frons
352 3281 410 3335 est,
444 3280 478 3329 ut
516 3271 683 3328 Porrimam
718 3273 851 3328 Romani
883 3272 1139 3348 Postuertamque
1173 3274 1278 3330 colunt
1309 3275 1375 3347 ipso

74 3374 165 3448 prolis
194 3373 327 3430 nomine.
371 3382 447 3447 sepse
471 3374 503 3429 id
526 3382 623 3430 estse
646 3383 771 3430 auctum
796 3373 913 3448 syllaba
944 3375 1034 3432 eain
1067 3392 1159 3450 quam
1181 3384 1295 3432 exeunt
1319 3376 1376 3448 ipse

73 3484 174 3549 reapse
193 3476 327 3550 sirempse
348 3475 466 3531 duravit
489 3475 520 3530 in
543 3474 637 3530 latino
662 3491 804 3531 sermone
827 3492 883 3531 nec
906 3474 1045 3532 Ciceroni
1075 3494 1137 3549 rep.
1154 3476 1249 3534 11112
1270 3476 1373 3551 displi-

74 3578 135 3633 cuit
158 3595 232 3633 casu
264 3576 440 3634 accusativo
464 3583 612 3651 tanquam
644 3595 710 3645 sese,
734 3576 855 3632 Vmbris
879 3577 1059 3633 adverbium
1092 3577 1146 3634 fuit
1175 3595 1212 3632 ex
1242 3578 1373 3634 ablativo

74 3687 108 3734 ut
126 3678 243 3734 Latinis
266 3679 336 3735 olim
357 3696 385 3732 se
407 3696 558 3751 quumque,
604 3681 688 3751 quod
711 3679 820 3734 Festus
842 3697 968 3734 seorsum
991 3698 1133 3752 quamque
1148 3679 1374 3754 interpretatur,

74 3787 105 3835 et
137 3779 208 3852 ipsis
243 3778 286 3834 VI
309 3779 383 3835 An
409 3779 454 3833 sei
482 3778 656 3852 podruhpei,
693 3781 779 3854 quod
812 3779 1056 3836 distributionem
1094 3780 1285 3837 manifestius
1319 3783 1373 3836 de·

73 3880 169 3937 clarat
190 3888 221 3935 et
243 3888 277 3936 ut
299 3881 443 3953 utrimque
464 3899 542 3935 secus
564 3881 725 3955 profusius
759 3891 791 3938 et
814 3882 960 3957 quoniam
982 3891 1056 3955 sepse
1090 3882 1224 3955 singulos
1248 3883 1373 3948 indicat,

72 3981 180 4036 sarsite
200 3998 254 4054 per
276 3982 529 4057 consequentiam
553 3992 689 4057 cunctos,
714 3984 799 4057 quod
822 3984 1018 4040 confirmatur
1041 3984 1079 4040 ab
1103 3982 1300 4058 etymologia.
1334 3982 1375 4040 la-

73 4081 137 4138 tine
159 4081 239 4136 enim
260 4084 519 4156 pronuntiandum
542 4091 590 4139 est
610 4085 734 4150 surcr'te,
759 4085 845 4157 quod
880 4084 1006 4139 verbum
1040 4084 1191 4157 significat
1223 4084 1374 4156 integrum

74 4181 174 4237 facere
200 4177 440 4257 ἀναπληρῶσαι,
464 4185 547 4239 unde
570 4201 700 4256 augures
735 4202 805 4239 sane
827 4191 960 4257 serieque
983 4186 1089 4239 audire
1112 4191 1139 4239 el
1158 4185 1256 4241 vellere
1291 4185 1376 4240 dice·

73 4284 163 4355 bant,
186 4283 316 4357 populus
345 4302 383 4340 ac
411 4284 525 4339 deinde
548 4301 693 4340 censores
728 4291 811 4340 sarta
844 4291 914 4340 tectu
944 4303 998 4358 pro
1022 4286 1147 4359 integris
1173 4285 1374 4342 incolumibus

73 4384 233 4460 perfectis,
266 4401 471 4460 supremaque
505 4385 598 4459 stirpe
628 4386 752 4458 attingit
775 4387 858 4444 salva
881 4396 912 4443 et
936 4386 1021 4446 solla.
1067 4387 1128 4442 iam
1151 4395 1295 4443 secuntur
1318 4388 1376 4446 tria

74 4486 199 4542 nomina
221 4485 375 4541 hominum
398 4504 467 4542 cum
490 4487 536 4542 dis
561 4486 776 4543 commercium
801 4488 995 4557 definientia,
1022 4490 1069 4546 cui
1092 4489 1206 4546 bonum
1230 4498 1378 4549 eventurn

74 4595 182 4660 optant
204 4588 379 4660 separatim,
399 4605 479 4642 verse
502 4588 565 4644 auz'e
586 4607 677 4654 esune,
706 4588 903 4661 neglegentia
936 4590 1017 4645 enim
1040 4590 1201 4663 sculptoris
1224 4607 1292 4646 cum
1315 4590 1382 4650 alia

74 4686 153 4744 male
176 4687 368 4762 interpuncta
392 4697 461 4744 sunt
484 4699 548 4745 tum
570 4707 652 4746 vovse
670 4689 700 4743 in
725 4689 802 4746 duas
826 4700 931 4764 partes
954 4690 1151 4766 diremptum.
1188 4709 1267 4748 svesu
1291 4675 1392 4752 vuvsz'
