3742 5364
692 348 760 420 ,14⁷
1279 346 1375 405 rura

74 537 134 590 tra
145 527 245 603 fertu,
257 525 261 610 Ι
272 529 469 591 mantraklu
485 526 586 602 fertu,
605 547 698 608 pune
712 551 737 590 rr
751 540 888 588 sontram
912 523 1018 607 ferto!
1036 531 1169 588 mantele
1193 530 1280 600 serto,
1303 548 1376 605 pos·

76 629 180 694 fertu.
216 649 310 711 pune
326 627 461 691 sesnafe
476 624 617 708 benusl
638 627 699 688 ka·
754 649 821 689 cam
842 631 930 689 ferto.
976 649 1045 688 cum
1061 631 1093 688 in
1108 631 1213 688 lanum
1228 629 1357 697 veneris,
1367 622 1377 705 Ι

73 733 143 793 bru
164 739 361 813 purtuvetu.
399 736 531 809 vaputu
547 717 626 791 Sabi
646 727 700 789 Iu·
753 750 878 808 caprum
901 733 1055 808 porricit0.
1101 741 1167 788 ture
1191 730 1303 789 sancio
1326 729 1376 786 Io·

75 840 225 912 vepatre
252 829 485 911 prepesnimu.
518 826 522 910 Ι
553 849 700 911 vepesu·
754 835 782 890 vi
803 835 883 910 patri
904 833 1103 909 praefamino.
1134 826 1376 905 lvempesontra

74 943 134 995 tra
160 930 332 1013 pesnimu,
367 929 507 993 veskles
541 929 700 1012 pesuimu
753 935 941 1010 supplicato,
976 933 1106 991 vasculis
1129 933 1302 1008 supplicato
1325 932 1376 989 tri-

75 1039 288 1114 atrepudatu
318 1030 321 1114 Ι
353 1031 496 1113 adpeltu
531 1030 699 1095 statitatu.
751 1037 869 1110 podato
894 1028 898 1112 Ι
923 1036 1089 1092 admoveto
1124 1034 1261 1093 statuito.
1308 1051 1376 1091 vas·

76 1135 203 1198 vesklu
218 1142 342 1215 pustru
358 1143 469 1213 pestu,
493 1151 580 1193 ranu
598 1132 607 1203 i
622 1150 699 1211 pes·
713 1162 739 1199 ru
753 1138 819 1194 cula
835 1145 917 1194 retro
930 1137 1048 1212 ponito,
1065 1152 1166 1210 aquae
1177 1130 1376 1210 profusiones

73 1236 179 1309 nimu,
213 1234 296 1316 puni
318 1233 486 1316 pesnimu‚
520 1232 601 1293 vinu
623 1252 700 1313 pes·
754 1236 1376 1313 supplicato,poscasupplicato,vinosup·

73 1335 183 1410 nimu,
208 1355 275 1398 une
296 1331 484 1416 pesnilmu.
534 1354 601 1396 enu
623 1353 702 1396 erus
752 1338 877 1413 plicato,
909 1337 1044 1412 unguine
1067 1328 1267 1414 supplicalto.
1313 1343 1376 1392 tum

26 1481 29 1484 <
77 1446 162 1502 retu.
753 1457 822 1496 erus
845 1440 931 1498 dato.

59 1538 62 1543 ’
119 1538 216 1600 Vitlu
238 1536 340 1600 vufru
361 1556 452 1616 pune
473 1534 587 1597 heries
620 1532 624 1615 Ι
651 1532 700 1596 fa·
795 1540 930 1597 Vitulum
953 1539 1086 1596 votivum
1107 1555 1177 1595 cum
1200 1536 1283 1594 voles
1304 1531 1308 1614 Ι
1329 1536 1373 1593 fa-

75 1632 699 1717 8⁸11,eruhutislusestquvepatre.
753 1659 831 1711 cere,
867 1641 981 1698 eadem
1011 1640 1168 1698 dicatione
1189 1639 1289 1696 sistito
1311 1639 1376 1695 lovi

77 1842 161 1921 μηρί’
185 1841 259 1920 ἔκηε
282 1842 431 1920 καλύψας
453 1841 539 1904 πίονι
562 1846 661 1924 δημῷ.
693 1843 847 1900 Arnobius
864 1843 915 1918 qui
938 1819 1013 1900 alias
1035 1841 1150 1916 volgari
1172 1840 1295 1897 nomine
1318 1839 1376 1896 uti·

78 1956 138 2015 tur,
162 1947 255 2005 semel
278 1966 355 2003 omen
378 1946 512 2021 appellat
531 1945 584 2002 VII
601 1948 649 2014 25,
677 1946 702 2002 si
723 1945 850 2002 Meursii
873 1945 1123 2001 emendationem
1145 1943 1300 2016 sequimur
1322 1959 1376 1998 ne·

77 2050 244 2106 cessariam
267 2049 405 2123 miroque
428 2048 584 2104 umbricae
607 2047 723 2104 formae
747 2063 901 2103 consensu
925 2044 1168 2119 comprobatam.
1218 2061 1310 2100 omen
1333 2044 1373 2097 ad

75 2166 213 2222 unguere
239 2158 271 2204 ut
291 2158 367 2204 tem·
388 2148 420 2204 in
442 2148 594 2204 abstemio
619 2155 735 2203 temeto
752 2147 794 2203 ad
809 2146 960 2219 tinguere,
982 2145 1056 2200 uivit
1078 2144 1120 2201 ad
1135 2144 1262 2217 ninguit‚
1289 2160 1376 2198 umor

77 2251 121 2307 ad
143 2244 223 2323 ὑγρά
246 2250 349 2316 uvida,
373 2249 509 2304 stimulus
533 2247 573 2302 ad
597 2248 785 2304 instinctum.

179 2350 216 2406 21
240 2350 315 2405 villu
338 2348 429 2427 uufru
457 2349 670 2409 accessionem
691 2346 832 2405 feriarum
852 2346 970 2403 illarum
992 2363 1061 2402 esse
1084 2353 1213 2420 apparet
1236 2353 1374 2401 extraor-

80 2451 249 2518 dinariam,
272 2468 334 2506 non
357 2450 538 2508 sollemnem
561 2458 615 2505 aut
639 2457 751 2506 statam
779 2449 923 2506 hostiam.
966 2465 1029 2504 uon
1062 2446 1209 2521 probatur
1235 2444 1375 2520 explora·

76 2560 164 2608 turve
187 2569 266 2625 quae
290 2534 350 2608 deo
374 2552 468 2625 digna
491 2552 538 2618 sit,
572 2552 629 2607 sed
660 2550 730 2607 ilico
763 2550 887 2607 sistitur.
933 2557 1055 2605 etcum
1086 2546 1175 2603 suilla
1198 2555 1229 2602 et
1251 2545 1376 2620 caprina
1477 2606 1479 2609 ,

77 2671 152 2710 caro
176 2653 374 2710 distribuatur
396 2653 425 2708 in
452 2652 514 2709 tab.
539 2651 576 2719 V,
607 2669 669 2708 nou
697 2653 788 2708 datur
810 2650 945 2708 vitulina.
989 2667 1031 2704 me
1060 2655 1139 2704 tener
1162 2648 1251 2704 solvet
1268 2646 1377 2703 uz'lulus

77 2754 178 2826 iuquit
198 2754 345 2811 Horatius
368 2756 423 2827 qui
443 2754 539 2827 largis
562 2753 717 2809 iuvenescit
737 2750 835 2808 herbis
857 2751 888 2806 r'n
903 2768 964 2807 mea
983 2756 1050 2806 vola
1072 2766 1126 2823 pro
1146 2748 1226 2805 felici
1243 2747 1375 2821 Augusti

77 2855 179 2910 reditu
203 2863 354 2929 concepta
376 2854 524 2928 privatim.
567 2862 651 2910 recte
673 2853 858 2909 intellexeris
880 2853 1013 2908 votivam
1036 2850 1187 2925 pecudem
1208 2848 1255 2903 vel
1277 2847 1374 2904 hono·

76 2955 203 3012 rafiam:
225 2957 324 3029 ipsum
347 2955 531 3012 vocabulum
552 2955 724 3016 derivatum
747 2954 868 3010 videtur
892 2972 911 3010 a
933 2970 991 3009 vuu
1014 2952 1097 3008 unde
1121 2932 1208 3008 vuv'si
1227 2967 1314 3016 voute,
1338 2949 1377 3005 si-

77 3055 190 3113 militer
212 3073 249 3113 ae
271 3023 387 3112 lab⁸rum
410 3055 532 3112 saluber
546 3054 605 3111 alia
619 3055 662 3111 ita
676 3064 709 3111 ut
724 3063 797 3111 aute
812 3053 844 3130 s
859 3051 1049 3110 semivocalis
1072 3050 1194 3124 periret,
1218 3048 1256 3106 cf.
1269 3048 1377 3105 ueskles

76 3153 197 3232 vufetes.
239 3156 376 3214 ultimum
398 3158 429 3213 in
449 3156 508 3214 hac
531 3157 598 3230 lege
622 3156 723 3212 locum
752 3157 792 3212 de
817 3155 918 3212 votivo
942 3152 1036 3209 vitulo
1064 3150 1216 3226 expositio
1239 3150 1278 3206 ob
1303 3166 1376 3204 ean-

77 3259 153 3314 dem
176 3276 300 3316 causam
322 3257 431 3327 habet,
455 3275 514 3332 qua
537 3257 624 3314 alteri
647 3257 736 3314 huius
758 3257 837 3313 aeris
860 3256 950 3331 parti,
981 3256 1041 3329 legi
1064 3252 1201 3310 Hontiae
1224 3259 1255 3306 et
1276 3248 1376 3307 aeriI

78 3359 252 3434 subscripta
274 3369 345 3416 sunt
367 3360 426 3416 ista
449 3361 488 3415 de
512 3361 589 3416 votis
613 3368 644 3416 et
666 3368 831 3434 quaestura
854 3360 953 3417 verba.
1004 3355 1101 3412 Vocia
1135 3353 1220 3410 natio
1250 3351 1375 3408 fratrum

77 3459 264 3516 Attidiorum
298 3461 323 3518 si
349 3478 442 3534 quam
471 3461 585 3517 habeat
608 3478 677 3517 eum
700 3461 809 3518 votivis
833 3461 928 3518 sacris
950 3457 1169 3532 cognationem
1192 3471 1256 3510 non
1278 3453 1376 3528 liquet

77 3577 179 3633 neque
202 3579 256 3618 cur
278 3580 332 3636 pro
354 3561 404 3617 illa
427 3561 480 3619 fiat
502 3562 610 3619 vitulo:
642 3564 778 3621 conicias
808 3563 886 3619 inter
916 3561 1094 3617 foederatas
1117 3555 1283 3630 aliquando
1305 3571 1375 3610 eam

76 3670 204 3738 gentem
228 3663 330 3732 fuisse,
355 3664 617 3740 tum‘separatam
639 3684 658 3722 a
680 3665 772 3722 sociis
795 3665 904 3723 invitis

186 3766 224 3822 22
246 3752 314 3820 ullu
350 3783 368 3820 a
391 3766 526 3822 diceudo
549 3765 650 3822 fictum
674 3783 710 3821 ea
733 3766 852 3823 ratione
881 3781 941 3838 qua
975 3762 1081 3819 oculus
1115 3758 1223 3834 figulus
1252 3758 1377 3833 specula

78 3865 218 3932 extitere,
250 3865 345 3921 modo
368 3867 434 3940 ipsa
456 3867 504 3924 ilia
527 3867 678 3940 significat
706 3885 787 3942 quae
814 3853 899 3923 initio
928 3862 1066 3922 sacrificii
1089 3863 1232 3919 dicuntur
1254 3869 1287 3916 et
1308 3878 1378 3917 nar·

77 3973 185 4021 rantur
200 3962 306 4040 (11125
323 3976 355 4023 et
371 3969 431 4038 27),
456 3969 550 4024 modo
566 3970 738 4026 universam
760 3970 804 4025 rei
820 3968 940 4024 divinae
962 3964 1186 4021 institutionem
1202 3978 1281 4035 quae
1304 3978 1377 4016 con-

79 4067 177 4139 ceptis
200 4068 298 4124 verbis
324 4068 366 4135 fit,
387 4069 618 4126 dedicationem
642 4072 689 4127 vel
712 4068 987 4127 consecrationem.
1036 4065 1118 4120 velut
1138 4063 1167 4120 11
1183 4064 1210 4118 A
1234 4063 1270 4119 15
1298 4060 1377 4116 karle

78 4154 151 4224 idel
169 4166 270 4223 stakaz
294 4168 417 4225 estsere
440 4170 523 4226 idem
548 4171 628 4229 valet
653 4173 738 4246 quod
768 4170 863 4228 catuli
880 4165 1058 4240 sacrificium
1081 4171 1219 4221 statutum
1242 4168 1289 4220 est.
1333 4162 1377 4218 ita

78 4271 130 4326 hic
152 4269 277 4326 vitulum
300 4270 372 4344 quia
402 4288 462 4326 uua
485 4289 554 4327 cum
577 4289 631 4329 sue
654 4280 686 4329 et
708 4289 801 4346 capro
824 4270 889 4327 lovi
913 4270 980 4326 dari
1003 4269 1127 4336 volunt,
1154 4266 1267 4323 eadem
1292 4265 1376 4322 dica·

78 4370 164 4427 tione
185 4379 257 4427 aute
279 4389 347 4427 aras
370 4372 434 4428 sisti
456 4373 571 4431 iubent.
1289 4370 1292 4375 ’

179 4479 246 4528 reste
268 4475 422 4547 praesenti
446 4475 574 4548 tempori
597 4475 708 4530 rectius
731 4472 905 4528 attribuitur
934 4486 1026 4546 quam
1049 4468 1165 4535 futuru,
1197 4467 1284 4542 quod
1307 4482 1377 4522 cum

78 4592 135 4648 per
158 4593 213 4629 esre
235 4574 359 4631 verbum
383 4576 567 4644 declinetur,
595 4584 705 4631 snota
737 4590 841 4630 carere
868 4590 931 4629 non
965 4571 1073 4647 potuit.
1118 4569 1220 4627 futura
1252 4566 1379 4642 quidem

78 4675 157 4734 iufra
182 4676 321 4750 leguntur
343 4694 405 4733 cum
428 4675 590 4733 immolabis
610 4686 643 4733 et
665 4675 719 4732 ubi
734 4676 891 4748 planicies,
912 4675 970 4732 sed
985 4672 1135 4732 sermonis
1157 4668 1215 4730 lex
1234 4667 1315 4727 nulla
1330 4683 1381 4720 ve·
