3742 5364
858 333 918 390 200

342 520 387 574 aa*
402 537 461 588 ars,
494 519 527 576 tit
549 519 641 576 etiam
663 538 701 575 ar
723 537 748 577 a.
798 518 889 575 servit
913 517 1025 576 verbis:
1060 514 1200 594 adfertur
1226 516 1376 596 arsserlur
1404 517 1541 598 arfertur

240 621 386 687 adsertor,
409 621 538 677 arsaeilu
559 621 662 681 attritu.
704 621 879 677 accusativo
903 619 994 676 servit
1015 621 1205 694 postposita:
1230 623 1355 678 «samad
1370 639 1475 678 mama
1499 623 1540 679 ad

242 741 334 791 aram,
348 722 521 779 huiusmodi
536 731 686 778 structura
702 741 764 778 nou
779 721 929 778 invenitur
940 723 969 777 in
983 739 1042 778 rec.
1057 722 1178 790 tabulis,
1198 701 1391 797 subiungitur
1402 743 1417 780 e
1430 732 1488 781 aut
1502 743 1539 782 co.

339 823 376 880 ah
400 822 458 879 aba
481 843 499 878 a
521 823 556 880 af
576 840 607 880 a:
642 823 834 897 altrepua‘atu
858 825 1031 897 atrepudalu
1055 823 1140 896 quasi
1157 825 1359 899 a-tripudato,
1383 824 1540 881 ahavendu

239 925 377 984 avertito.
419 926 530 982 eadem
552 925 739 1000 praepositio
763 925 883 981 videtur
905 924 1007 980 inesse
1030 924 1060 980 in
1084 924 1215 997 ‹ap-ebbe
1236 925 1323 999 quasi
1345 926 1487 983 abextra.

337 1045 376 1081 aa
401 1045 419 1081 a
444 1044 493 1083 am
516 1020 611 1100 ἀμφίῑ
636 1025 793 1103 anserener
815 1024 927 1101 aferom
950 1023 1153 1082 circumferre.
1176 1026 1296 1100 plenior
1310 1026 1422 1083 eadem
1438 1024 1541 1082 umber

237 1136 269 1183 ut
292 1128 349 1182 sub
371 1145 476 1201 super:
500 1126 674 1182 ambr-eluto
695 1125 842 1199 amprehlu
866 1132 969 1198 aprelu
992 1125 1117 1191 ambito,
1139 1143 1213 1182 osce
1232 1123 1360 1203 amsr·et.

336 1246 374 1283 an
397 1247 414 1283 a
438 1247 470 1283 en
493 1222 555 1286 ἀνά
575 1228 620 1282 in:
655 1233 771 1282 autentu
795 1232 890 1282 aternu
911 1231 1023 1282 ententu
1054 1228 1217 1294 intendito,
1251 1227 1411 1300 anstplatu
1447 1227 1537 1284 insti-

236 1329 364 1404 pulator.
409 1330 495 1386 vides
519 1337 592 1402 quot
614 1328 859 1403 praepositiones
883 1327 1085 1385 cohaerentes
1106 1328 1204 1385 verbis
1227 1330 1409 1385 decurtatae
1424 1328 1488 1384 sint
1506 1336 1539 1385 ut

237 1431 302 1487 sola
324 1439 454 1487 restaret
478 1450 505 1488 a.
550 1430 659 1504 quibus
683 1429 829 1486 addenda
849 1430 942 1485 etiam
973 1429 1121 1503 privativa
1151 1430 1300 1504 particula
1320 1438 1378 1498 est,
1411 1429 1540 1486 hostatz'r

237 1532 397 1589 orthostalir
418 1531 588 1598 inhastatiS,
611 1531 716 1587 ar'rselo
740 1531 866 1586 auriselo
889 1531 985 1586 visum
1006 1531 1143 1589 invisum.
1179 1540 1248 1588 sunt
1263 1531 1354 1606 igitur
1369 1531 1408 1589 de
1423 1531 1538 1608 quibus

237 1635 388 1708 ambigas:
413 1634 560 1688 anserinis
582 1631 653 1689 mihi
676 1640 723 1689 est
747 1641 902 1689 servatum
924 1633 1123 1690 ambifariam.

337 1741 421 1791 anter
444 1735 536 1791 ander
558 1737 649 1792 inter:
682 1740 766 1790 anter
788 1751 926 1790 messaara
949 1735 1217 1802 intermenstrium,
1241 1736 1424 1792 andersesusl
1441 1734 1538 1792 iuter·

237 1839 372 1896 cesserit.
417 1837 510 1893 semel
534 1836 649 1910 recepit
671 1854 785 1905 casum,
820 1838 994 1892 andervomu
1019 1837 1098 1892 inter
1119 1854 1222 1911 rogos,
1243 1845 1277 1893 ut
1299 1837 1427 1905 videtur,
1467 1852 1534 1893 acc.

235 1942 308 2014 plur.
332 1958 361 2013 p.
380 1941 427 1997 79.

337 2042 374 2096 da
396 2041 447 2108 de,
471 2055 544 2095 osce
568 2040 629 2094 dat:
654 2039 762 2094 daetom
786 2039 951 2113 demptum.

336 2143 367 2198 elz
391 2142 437 2197 elze
460 2161 473 2196 e
495 2159 533 2197 ex
556 2157 588 2197 e:
613 2140 743 2197 elvelklu
767 2141 913 2206 edictum,
935 2139 1068 2218 ffursalu
1091 2141 1219 2214 simplex
1230 2137 1369 2218 sursunt.
1401 2156 1535 2214 praepo-

237 2245 318 2299 nitur
340 2244 487 2300 ablativo:
513 2261 581 2297 cara
602 2260 640 2299 ex
661 2260 722 2316 ara,
746 2241 792 2297 elie
815 2261 863 2296 esu
886 2242 931 2298 vel
956 2241 1036 2296 eltesu
1052 2241 1142 2314 paplu
1165 2259 1203 2297 ex
1226 2240 1284 2297 hoc
1306 2239 1432 2315 populo

336 2363 368 2398 en
393 2363 406 2399 e
429 2363 468 2399 em
491 2345 541 2399 in:
571 2349 651 2399 enelu
674 2344 758 2410 inito,
792 2350 981 2417 permutatur
1007 2359 1076 2398 cum
1099 2360 1138 2397 an
1157 2350 1190 2398 ut
1213 2349 1363 2398 ancentus
1382 2342 1535 2402 incentuS.

236 2446 357 2501 casibus
381 2445 586 2519 postponitur,
619 2444 794 2501 accusativo
818 2444 960 2518 quotiens
984 2442 1170 2516 significatur
1193 2443 1223 2498 in
1248 2444 1362 2511 locum,
1398 2442 1534 2500 locativo

235 2545 375 2620 quotiens
403 2547 433 2600 iu
463 2545 548 2613 Ιοοο,
588 2561 726 2600 arvernen
755 2544 785 2599 in
816 2562 919 2600 arvum
946 2551 979 2600 ut
1011 2552 1074 2599 tam
1102 2553 1221 2611 tamen,
1261 2561 1353 2600 arven
1387 2543 1418 2600 in
1447 2561 1534 2601 arvo.
1569 2607 1573 2614 ,

234 2653 383 2703 lernznome
405 2647 446 2701 ad
469 2646 638 2713 terminum,
676 2643 807 2700 ahlzinem
836 2645 867 2700 in
888 2645 1059 2710 actionem,
1074 2641 1199 2723 serncffe
1215 2661 1293 2701 ¹acc.
1319 2644 1396 2719 plur.
1411 2642 1534 2723 fernes.

234 2758 292 2807 vet.
315 2749 433 2823 rrqtinie
455 2767 468 2803 e
489 2764 550 2804 rec.
574 2754 692 2802 tantum
718 2745 823 2802 rubine
853 2747 882 2802 in
905 2747 1041 2814 rubinia,
1074 2754 1132 2804 vet.
1157 2750 1240 2802 tertre
1263 2762 1329 2801 euae
1351 2762 1411 2805 rec.
1439 2746 1536 2802 destre

234 2868 299 2905 unse
320 2850 430 2906 dextro
452 2850 598 2922 mamere,
623 2866 714 2904 ocrem
735 2847 841 2903 Fz'sim
870 2848 916 2904 vel
940 2866 1006 2902 ocre
1032 2847 1112 2902 filiz'e
1146 2864 1205 2903 nec
1237 2847 1366 2903 multum
1400 2847 1535 2904 interest

232 2959 331 3007 utrum
354 2951 384 3006 in
407 2959 513 3007 moute
536 2950 617 3005 Fisio
642 2967 681 3006 an
703 2949 800 3004 monti
822 2949 905 3004 Fisio
930 2948 1103 3021 intellegas,
1116 2947 1239 3026 sesnere
1259 2947 1318 3007 abl.
1335 2947 1412 3022 plur.
1415 2943 1533 3021 fernes,

232 3070 355 3108 azarzuae
378 3052 408 3108 in
428 3069 529 3109 manu.
577 3058 609 3107 ut
633 3069 697 3105 ecre
721 3068 820 3117 ocrem,
852 3050 896 3106 sic
919 3055 970 3105 tote
991 3055 1096 3126 taleme,
1132 3049 1203 3105 vide
1227 3049 1469 3107 declinationem
1500 3057 1534 3106 et

233 3172 260 3228 p.
286 3156 355 3213 185.

330 3255 418 3310 lintre
439 3253 551 3310 hondra
574 3252 752 3308 adverbium
775 3253 837 3309 coit
859 3253 905 3309 bis
929 3269 999 3308 cum
1022 3252 1208 3315 accusativo
1238 3250 1327 3307 butro
1339 3248 1423 3328 suru
1450 3251 1534 3310 infra

233 3356 340 3424 forum,
362 3354 477 3411 hondra
500 3356 599 3410 tudere
622 3361 655 3409 ut
678 3352 755 3410 infra
778 3370 915 3427 superos
1060 3347 1064 3352 ’

332 3458 397 3513 leura
420 3476 475 3514 com
498 3475 526 3512 co
548 3456 640 3512 servit
662 3456 798 3530 loquelis,
829 3455 961 3511 kumaltu
985 3454 1105 3511 camolla
1128 3454 1320 3522 commolita,
1344 3461 1461 3512 couerlu
1485 3475 1534 3514 re·

232 3559 349 3618 vestito,
380 3559 519 3615 ablativis
541 3558 735 3632 postponitur
758 3565 790 3614 ut
813 3555 999 3629 significetur
1024 3556 1106 3629 apud
1128 3550 1211 3630 πρὸς
1234 3573 1326 3630 germ.
1351 3554 1410 3615 bei:
1433 3558 1533 3615 asaku

232 3661 317 3718 iuxta
340 3678 431 3733 aram,
465 3660 548 3733 quod
565 3668 622 3732 pre
643 3659 726 3714 vert'r
748 3659 794 3714 vel
812 3662 881 3731 post
901 3657 983 3712 vert'r
1017 3657 1164 3713 sacerdos
1196 3656 1267 3713 fecit
1289 3657 1322 3713 id
1349 3656 1461 3714 fecisse
1484 3658 1533 3715 di-

232 3763 309 3818 citur
329 3762 448 3829 vertice,
482 3778 589 3835 preces
613 3760 711 3816 fundit
734 3759 851 3815 uaz'kum
875 3759 948 3815 dum
976 3759 1041 3814 ovis
1072 3759 1162 3815 adest
1190 3775 1336 3831 praesens
1360 3756 1530 3833 praesenti.

232 3872 263 3919 at
286 3881 395 3919 erucam
418 3868 489 3918 eruto
510 3870 542 3918 ut
565 3879 686 3918 mecum
709 3868 813 3916 eunte.
850 3860 1023 3915 nominibus
1045 3869 1078 3915 ut
1093 3858 1152 3915 hoc
1168 3859 1251 3914 idem
1267 3857 1456 3934 significetur
1472 3878 1529 3916 com

231 3943 444 4039 praeponitur:
475 3982 533 4019 com
548 3963 708 4037 prz'nualz'r
730 3962 816 4018 simul
840 3979 901 4016 una
924 3979 991 4017 cum
1015 3961 1132 4034 legatis

332 4084 361 4121 os
384 4065 440 4121 obs
469 4065 498 4122 in
526 4065 642 4120 ostenda
664 4063 821 4121 ostendito
845 4063 1002 4120 adhibeto.
1049 4063 1202 4118 accedunt
1230 4061 1360 4118 fortasse
1388 4061 1473 4116 urtz'te
1503 4061 1545 4118 si.

232 4175 278 4223 est
302 4167 406 4224 obstiti
429 4168 485 4225 loc.
510 4175 542 4222 et
565 4166 715 4222 ooserclom
737 4166 761 4222 si
785 4167 822 4223 ab
846 4166 1040 4222 observando
1063 4165 1153 4224 venit.

323 4276 381 4342 per
398 4286 454 4342 per
476 4267 621 4324 cohaeret
643 4267 755 4323 verbis:
783 4267 914 4339 perolent
945 4276 978 4322 ut
1004 4265 1135 4333 sevakne,
1163 4271 1290 4339 peretum
1323 4273 1526 4340 peremptum.

231 4369 438 4425 accusativum
471 4369 608 4443 sequitur
643 4348 675 4425 ut
706 4386 868 4442 parumper
898 4386 959 4442 quo
989 4368 1121 4442 spatium
1150 4367 1294 4441 temporis
1323 4365 1527 4440 significetur:

230 4469 340 4540 lrz'oper
362 4478 409 4525 ter
432 4487 496 4528 acc.
522 4470 597 4544 plur.
620 4471 703 4537 lrz'ia,
727 4469 764 4529 cf.
781 4470 872 4543 gloss.
891 4468 1006 4527 Philox.
1030 4469 1171 4543 antioper
1193 4463 1256 4542 πρὸ
1279 4461 1405 4526 τούτου.
1443 4469 1527 4524 abla-

230 4569 325 4625 tivum
348 4571 483 4644 sequitur
505 4587 566 4644 quo
589 4571 776 4644 accipiamus
800 4587 872 4644 pro:
894 4571 1038 4644 popluper
1058 4587 1112 4644 pro
1135 4570 1259 4643 populo,
1293 4575 1448 4641 tzomneper
1469 4586 1526 4644 pro

230 4671 363 4739 nomine,
375 4670 535 4749 fretruspe
555 4689 610 4745 pro
634 4671 783 4730 iratribus.
807 4672 843 4727 cf.
857 4680 951 4744 perne
973 4688 1106 4745 prorsuS,
1123 4666 1276 4747 pernaz'as
1284 4667 1451 4748 prasinaiaf.
