3742 5364
232 340 277 399 IV
285 344 324 401 14
838 342 899 399 164

228 515 281 586 sia
317 520 411 583 mefa
445 520 628 600 Purtupite
653 522 662 591 l
697 518 889 584 skalsetan
903 520 1537 599 elammefamPorricipotilexpaterage-

231 620 380 685 kunikaz
393 622 539 702 apehtre
552 619 631 683 esuf
638 629 751 684 testru
762 618 855 703 sese!
904 643 946 683 nu
961 625 1049 683 nixus
1065 626 1255 684 extrinsecus
1269 625 1338 702 ipse
1351 625 1537 683 dextrovor-

233 743 294 786 asa
325 741 446 786 asama
476 721 665 803 purtuvitu,
701 721 855 785 sevakne
905 719 1021 804 suslab
1032 745 1086 786 ara
1096 728 1137 785 ad
1148 745 1233 786 aram
1244 727 1401 804 porricito,
1411 726 1538 785 sollem-

335 931 373 988 14
389 929 540 1004 purtupitc
561 944 630 987 aes:
653 928 807 1002 corrigunt
824 928 982 1002 purtuvitu
996 944 1105 1003 parum
1119 929 1326 1004 probabiliter,
1343 930 1418 1006 quia
1432 948 1453 987 u
1465 930 1509 986 ab
1524 947 1540 985 e

232 1031 333 1088 littera
354 1029 512 1104 plurimum
534 1029 665 1087 dissidet
686 1037 779 1103 atque
802 1029 879 1085 ordo
895 1029 1056 1086 verborum
1071 1028 1192 1087 exsistit
1213 1047 1374 1104 perversus
1397 1038 1452 1088 aut
1471 1046 1541 1087 ma·

234 1132 314 1189 xime
337 1131 558 1199 incommodus,
581 1132 775 1189 conlocatum
791 1130 871 1187 enim
886 1130 957 1188 illud
972 1139 1044 1206 post
1066 1130 1196 1188 kunr'ltas
1219 1132 1375 1200 vellemus,
1398 1131 1542 1208 denique

236 1251 494 1309 supervacaneum
514 1241 563 1291 est
585 1241 692 1291 totum.
737 1240 862 1289 atvero
884 1251 954 1290 cum
984 1232 1058 1290 satis
1081 1233 1208 1308 copiose
1230 1233 1312 1292 hunc
1334 1233 1428 1292 ritum
1447 1248 1543 1290 enar·

234 1342 301 1390 rent
323 1333 562 1409 sollemnemque
583 1333 793 1410 precationem
813 1333 976 1408 imperent,
998 1333 1137 1407 cupimus
1158 1351 1234 1392 sane
1251 1335 1358 1393 doceri
1380 1350 1479 1409 quem
1497 1332 1542 1390 ita

234 1434 451 1503 invocandum,
476 1435 524 1492 cui
546 1443 632 1494 tanta
654 1453 724 1493 cum
746 1452 818 1492 cura
845 1433 1081 1509 supplicandum
1109 1435 1286 1492 censuerint
1314 1435 1377 1492 deo
1404 1436 1542 1493 deaeve.

236 1535 356 1592 videtur
376 1535 465 1609 igitur
487 1535 518 1593 in
544 1535 622 1594 hanc
645 1544 763 1611 partem
785 1536 1052 1610 interpretandum
1076 1536 1240 1610 purlupile,
1264 1544 1297 1593 ut
1318 1553 1434 1593 numen
1456 1535 1541 1593 acci·

235 1638 353 1712 piamus
376 1638 515 1696 omnibus
537 1638 765 1714 porricientium
798 1637 970 1695 ministeriis
1001 1637 1220 1712 praepositum.
1264 1639 1390 1696 ductum
1420 1653 1543 1696 nomen
1604 1650 1607 1656 '
1712 1672 1717 1698 ι

236 1745 342 1812 aperte
364 1748 413 1795 est
434 1757 471 1795 ex
487 1744 628 1812 purtuom
650 1740 734 1796 unde
750 1735 907 1814 purlifele,
931 1746 1118 1812 auctumque
1136 1738 1289 1796 vocabulo
1303 1736 1484 1814 potestatis,
1507 1744 1543 1793 ut

236 1838 397 1913 Seispitem
420 1839 467 1896 vel
489 1839 643 1914 Sospitam
666 1841 758 1897 deam
780 1839 928 1897 Lanuvini
945 1847 1092 1897 vocarunt
1115 1839 1200 1896 cuius
1223 1839 1254 1896 in
1275 1845 1436 1915 potestate
1453 1837 1542 1895 salus

236 1948 328 1998 esset.
373 1940 417 1997 sic
439 1940 516 1997 deus
538 1941 644 1998 evadit
666 1941 768 1998 similis
802 1958 908 1998 eorum
939 1958 1016 2016 quos
1050 1940 1082 1996 in
1114 1939 1217 1998 tabula
1240 1939 1317 1997 HA
1353 1938 1542 2007 invenimus,

237 2032 390 2114 Spectoris
413 2039 510 2098 Actus
533 2041 713 2114 Agendum,
747 2042 849 2099 similis
877 2041 1062 2100 Adolendae
1096 2038 1319 2116 Coin'quendae
1343 2039 1542 2114 aliorumque

237 2141 409 2208 latinorum,
431 2144 607 2219 progenitus
630 2144 774 2218 religione
797 2144 997 2201 metuentium
1021 2143 1138 2217 nequid
1159 2142 1190 2199 in
1212 2142 1279 2217 ipso
1302 2140 1452 2200 sacrificio
1477 2139 1543 2197 vitii

237 2242 331 2301 fieret.
378 2245 470 2300 deum
493 2244 625 2319 aliquem
647 2245 792 2303 maiorem
818 2244 899 2303 velut
924 2245 1029 2302 Iovem
1058 2252 1178 2318 patrem
1200 2244 1232 2301 id
1254 2242 1397 2301 habuisse
1419 2257 1542 2316 cogno·

238 2362 310 2401 men
332 2352 393 2401 tam
416 2363 454 2400 ex
476 2345 570 2419 ipsius
601 2344 696 2418 figura
729 2363 822 2421 quam
852 2363 889 2402 ex
917 2346 1025 2402 ordine
1057 2354 1149 2419 atque
1182 2333 1299 2402 honore
1330 2361 1393 2419 quo
1421 2360 1543 2401 numen

240 2446 344 2502 colitur
365 2453 501 2520 apparet.
550 2445 600 2502 ubi
623 2446 751 2520 primum
772 2456 945 2521 porrectum
968 2454 1026 2514 est,
1048 2464 1168 2503 sacrum
1189 2445 1375 2520 profanatur,
1403 2443 1455 2502 hic
1480 2454 1543 2503 ter·

240 2546 339 2602 minus
365 2553 414 2602 est
435 2544 530 2601 divini
558 2545 629 2604 iuris
656 2555 689 2604 et
710 2547 843 2616 humani,
878 2547 1009 2621 religiosi
1038 2565 1111 2604 usus
1137 2554 1169 2603 et
1193 2546 1318 2622 proprii,
1346 2545 1453 2621 itaque
1476 2564 1544 2605 non

241 2645 320 2701 male
342 2645 512 2702 institutum
531 2645 658 2718 videtur,
682 2647 785 2705 divum
808 2648 995 2707 Potriciuum
1012 2649 1176 2705 adorantes
1199 2655 1232 2705 ut
1250 2646 1413 2704 discrimen
1436 2664 1544 2705 sacro·

239 2765 305 2804 rum
328 2764 365 2804 ac
387 2745 584 2820 profanorum
607 2766 697 2823 quam
721 2749 953 2823 diligentissime
969 2756 1127 2806 servarent
1142 2748 1390 2824 distantibusque
1405 2746 1545 2807 hominis

240 2866 276 2904 ac
298 2847 341 2904 rei
364 2846 486 2905 divinae
509 2846 584 2905 locis
605 2850 715 2907 vellent
737 2850 891 2909 declarari.
1168 2837 1170 2841 ⁷

342 2950 380 3008 15
402 2947 519 3022 apehtre
541 2950 737 3020 extrinsecus,
758 2970 821 3010 non
840 2952 1029 3021 altrinsecus,
1052 2969 1126 3009 nam
1148 2950 1300 3009 insertalr
1323 2950 1546 3027 productaque

241 3050 336 3107 vocali
358 3049 502 3107 differunt
522 3052 618 3108 exteri
642 3048 693 3128 (ci.
713 3071 819 3110 oscum
840 3054 955 3128 ehlrad)
979 3055 1018 3111 ab
1034 3053 1136 3111 alteris
1160 3050 1270 3125 (umbr.
1291 3057 1381 3108 etrum
1402 3048 1545 3132 iterum).

242 3152 412 3228 composita
434 3160 504 3209 suut
526 3147 613 3229 ἀπὲξ,
636 3153 672 3210 ab
689 3160 788 3221 extra,
812 3157 968 3229 quomodo
985 3156 1089 3229 volgus
1107 3154 1232 3212 latinum
1255 3151 1375 3231 aforet,
1394 3152 1433 3210 ab
1451 3153 1547 3222 sistus,
1635 3140 1639 3155 ’

242 3253 278 3310 ab
301 3260 377 3322 ante,
401 3258 434 3314 de
456 3275 552 3314 susum
570 3257 760 3314 committere
776 3257 889 3333 coepit,
916 3275 1050 3332 casuque
1065 3257 1184 3332 prolata
1206 3255 1347 3314 locativo.
1382 3255 1451 3330 ipse
1467 3266 1547 3315 ante

243 3377 325 3416 aram
348 3366 429 3417 stare
445 3360 488 3417 ita
502 3367 536 3417 ut
552 3367 659 3434 tangat
674 3376 743 3416 eam
759 3367 879 3416 vetatur
893 3360 1049 3433 magister,
1074 3359 1195 3416 iubetur
1214 3365 1300 3441 extra
1320 3373 1393 3417 arae
1408 3354 1489 3415 fines
1513 3366 1548 3415 et

243 3467 352 3535 saepta
367 3461 408 3518 ad
424 3462 563 3519 dextram
585 3478 666 3535 genn
681 3461 780 3534 posito
797 3461 924 3536 supplex
939 3478 1047 3518 manus
1064 3460 1259 3534 protendere,
1282 3458 1360 3516 haec
1374 3457 1448 3515 dum
1466 3457 1548 3519 libat

243 3561 282 3618 ad
305 3578 398 3628 aram,
417 3569 452 3618 ut
474 3562 516 3618 ad
538 3562 630 3618 deum
653 3561 739 3635 quasi
761 3560 841 3618 intro
863 3561 964 3618 mittat
987 3579 1025 3617 ex
1049 3578 1121 3618 arvo
1145 3561 1229 3617 dona
1252 3558 1324 3616 soris
1352 3557 1421 3632 ipse
1442 3575 1547 3635 oppe-

243 3661 323 3718 riens
345 3660 449 3719 habitu
472 3661 716 3718 reverentissimo
741 3656 794 3735 (cf.
817 3661 956 3719 Senecae
979 3662 1019 3718 de
1043 3660 1261 3736 superstitione
1283 3658 1318 3718 fr.
1334 3659 1374 3718 36
1386 3657 1426 3718 H.
1454 3652 1548 3718 ‘sunt

243 3781 324 3837 quae
346 3763 455 3819 Iunoni
478 3780 515 3821 ac
537 3762 694 3820 Minervae
718 3763 843 3838 capillos
867 3762 1050 3838 disponant,
1081 3763 1173 3838 longe
1195 3779 1214 3818 a
1236 3760 1360 3836 templo,
1387 3775 1452 3816 non
1472 3767 1546 3819 tan-

244 3871 307 3921 tum
330 3883 348 3922 a
371 3863 531 3922 simulacro
563 3872 680 3923 stantes
704 3864 816 3940 digitos
838 3873 963 3922 movent
984 3864 1159 3922 ornantium
1179 3856 1312 3938 modo').
1356 3860 1443 3919 simul
1464 3878 1548 3921 eon·

244 3965 340 4041 ceptis
363 3965 461 4022 verbis
485 3964 638 4022 sollemnis
660 3982 697 4022 ac
719 3965 797 4022 iusta
816 3965 894 4024 haec
910 3966 971 4023 deo
986 3965 1049 4021 fieri
1072 3965 1176 4022 libatio
1198 3962 1361 4025 nuntiatur.
1382 3961 1442 4020 hoc
1456 3963 1547 4023 euim

245 4068 310 4126 sine
333 4067 427 4124 dubio
451 4067 554 4124 valent
579 4067 628 4125 illa
648 4067 770 4124 sevakne
790 4067 905 4136 sulatu,
929 4085 1056 4143 quorum
1078 4067 1159 4142 prius
1183 4067 1224 4122 ad
1246 4064 1403 4123 vesticiam
1426 4063 1547 4124 mefam

245 4169 287 4225 sic
309 4169 436 4226 relatum
458 4175 506 4225 est
528 4176 562 4225 ut
582 4167 654 4224 alibi
675 4169 717 4224 ad
738 4186 862 4244 caprum
888 4186 1021 4246 suemve‚
1044 4169 1173 4225 alterum
1196 4166 1333 4242 proxime
1355 4162 1479 4221 accedit
1502 4166 1547 4225 ad

245 4275 352 4326 naratu
374 4264 425 4344 (cf.
440 4267 469 4325 II
484 4268 509 4325 B
524 4264 566 4345 8).
608 4269 791 4327 sententiam
814 4270 903 4345 igitur
925 4270 1061 4326 eandem
1084 4268 1201 4325 habent
1215 4266 1291 4324 haec
1314 4264 1460 4323 vesticiam
1468 4272 1547 4339 por·

245 4371 341 4439 rr'cito,
373 4370 496 4428 senakne
515 4371 620 4427 sukatu
642 4380 674 4429 et
697 4389 777 4447 quae
800 4372 947 4447 deinceps
970 4370 1093 4429 brevius
1115 4371 1226 4445 scripta
1248 4375 1320 4426 sunt
1345 4383 1448 4443 neque
1469 4368 1547 4428 arti·

247 4471 368 4529 culatim
383 4471 537 4547 explicata
560 4473 705 4530 vestr'ct'am
724 4473 849 4530 sevakne
863 4473 1018 4546 porricito.
1051 4471 1174 4528 verbum
1188 4469 1272 4526 unde
1286 4466 1457 4544 profectum
1471 4485 1548 4529 esse

247 4573 349 4630 dicam
370 4573 486 4640 nescio,
509 4572 567 4630 nisi
581 4573 778 4648 primordium
796 4573 823 4630 ei
844 4573 900 4631 fuit
919 4573 1002 4631 idem
1017 4591 1084 4631 curn
1099 4569 1296 4645 prust'kurent
1314 4568 1405 4625 ἕνεκα
1425 4563 1548 4633 ἔννεπε

247 4693 310 4749 sag.
356 4675 467 4732 sectius
490 4673 621 4733 Varroni
644 4673 768 4734 Plautus
792 4675 905 4734 dixisse
924 4675 1004 4734 visus
1028 4683 1075 4732 est
1092 4682 1245 4747 tamquam
1266 4669 1365 4746 magis
1386 4672 1548 4733 narranda
