3742 5364
706 331 766 392 175

74 524 154 582 tiere
176 521 241 582 Aut
253 570 260 584 .
280 521 320 582 K.
344 519 405 580 tab.
424 521 463 579 10
478 518 577 594 cfgh.
617 526 678 576 tres
709 517 825 592 primae
854 516 954 576 latinis
983 516 1089 574 litteris
1118 517 1282 600 inscriptae
1309 519 1374 577 sine

74 626 139 683 ulla
155 623 415 700 interpunctione,
437 621 534 677 altera
549 637 650 694 paene
672 620 768 676 latina
785 614 933 694 (umbrica
954 617 1004 676 Ca.
1018 616 1084 678 Ma.
1099 612 1246 696 Puplece),
1268 629 1376 695 quarta

75 735 233 784 etruscam
255 726 456 783 litteraturam
479 721 572 779 habet
595 721 800 778 sinistrorsum
831 738 966 787 versam,
1000 737 1186 795 quamquam
1214 717 1246 781 Μ
1268 741 1332 780 non
1353 711 1374 778 s'

76 828 138 885 sed
160 827 256 885 latino
279 842 364 883 more
385 843 411 880 m
433 822 604 899 significare
627 821 758 891 videtur,
781 839 840 879 nec
862 822 955 895 tuplei
974 822 1031 879 sed
1051 839 1108 897 per
1124 822 1280 898 digamma
1305 827 1381 899 tvpei

30 911 34 920 ’
77 929 147 985 sine
170 929 184 984 l
204 927 349 1003 scriptum
372 933 429 994 est,
452 924 509 981 nisi
532 923 608 981 fallit
630 923 742 999 imago

181 1027 277 1086 habes
299 1035 419 1104 patrem
441 1026 580 1092 Marcum
602 1024 665 1082 sive
687 1024 837 1093 Manium,
871 1025 911 1082 de
936 1024 1017 1082 notis
1042 1024 1124 1084 enim
1137 1020 1376 1103 'praenominum

77 1130 191 1189 talibus
213 1128 287 1187 nihil
309 1128 502 1204 exploratum
523 1133 582 1195 est,
615 1143 679 1183 una
709 1124 867 1183 conditum
888 1143 957 1182 cum
979 1125 1040 1182 filio
1064 1134 1096 1184 et
1118 1128 1262 1204 coniuge,
1290 1148 1378 1205 prae·

77 1241 167 1290 terea
188 1231 327 1306 coniugis
360 1228 467 1306 gentili
500 1244 600 1303 eoque
631 1227 750 1301 patriae
781 1226 1014 1284 consuetudinis
1039 1229 1211 1300 tenaciore,
1246 1230 1377 1289 fortasse

79 1351 192 1390 socero
217 1331 354 1388 Publicii.
399 1348 472 1387 nam
504 1329 564 1386 hoc
598 1346 713 1385 nomen
746 1328 890 1385 substitui
925 1328 1028 1386 licebit
1054 1328 1086 1386 in
1107 1330 1202 1388 latino
1225 1349 1377 1400 sermone,

77 1435 207 1508 tegulae
229 1433 301 1490 nihil
324 1432 383 1489 nisi
407 1429 560 1487 Publicum
580 1438 719 1487 narrant:
752 1429 926 1487 memineris
954 1447 993 1485 ex
1019 1429 1149 1504 publicis
1173 1433 1266 1489 servis
1289 1432 1379 1489 liber·

78 1538 163 1595 tinos
186 1543 270 1592 ortos
295 1533 457 1591 Publicios.
500 1531 623 1606 Tupleia
648 1540 737 1589 estne
760 1530 914 1604 Turpleia,
937 1538 969 1587 ut
992 1529 1111 1588 Setorio
1133 1550 1189 1607 pro
1212 1531 1364 1592 Sertorio?

324 2083 331 2098 .
367 2083 374 2098 .
409 2053 425 2096 s
456 2081 463 2094 .
509 2082 516 2096 .
562 2079 569 2093 .

324 2132 493 2206 Druteif.
520 2132 629 2196 frater
789 2131 914 2215 C]oisis
937 2132 1041 2197 Druti
1064 2135 1086 2199 f.

326 2237 399 2299 eius
785 2233 896 2298 frater
919 2235 993 2298 eius

326 2336 484 2399 minimus
506 2336 609 2398 locav
785 2336 943 2399 minimus
965 2338 1092 2400 locavit
1116 2360 1135 2400 e

310 2439 353 2504 it
375 2448 410 2502 et
432 2437 552 2500 statuit
727 2461 740 2498 s
783 2436 991 2520 ¹st]atuitque
1143 2480 1146 2500 .

240 2586 242 2591 ,
281 2597 285 2607 .
311 2538 378 2606 .At
400 2537 527 2601 Eknati
550 2538 638 2602 Trut
784 2537 848 2621 At]
872 2538 999 2603 Eknati
1020 2541 1167 2604 Trutikn

327 2640 399 2702 ikni
420 2640 562 2703 karnitu
784 2638 937 2722 kar]nitu
959 2641 1066 2704 lokan
1091 2691 1116 2707 ..

328 2740 447 2804 artuaf
462 2740 585 2804 Koisis
606 2739 637 2801 T
784 2741 988 2819 Tru]tiknos

327 2844 487 2907 rutiknos
960 2857 963 2864 ·

188 3052 252 3108 duo
275 3051 370 3109 latera
392 3051 500 3127 lapidis
524 3070 614 3128 supra
637 3052 765 3110 mutilati
787 3052 902 3110 inventi
932 3053 963 3109 in
992 3069 1066 3126 agro
1090 3051 1219 3111 Tuderti
1247 3051 1386 3109 translati

87 3154 120 3209 in
139 3170 277 3209 museum
300 3153 532 3228 Gregorianum.
577 3155 751 3228 designavit
774 3153 956 3212 Ritschelius
977 3155 1097 3229 priscae
1120 3155 1171 3214 lat.
1191 3171 1271 3214 mon.
1291 3155 1384 3230 epigr.

88 3254 152 3313 tab.
177 3252 349 3311 LXXIIIA
371 3253 465 3328 praes.
479 3272 508 3329 p.
523 3255 562 3312 65
586 3252 663 3326 (Aur
676 3299 683 3313 .
702 3254 739 3313 K.
753 3254 817 3313 tab.
835 3256 875 3312 10
890 3272 916 3324 c,
940 3255 1150 3312 Mommsenus
1163 3254 1239 3315 CIL.
1254 3254 1268 3311 I
1283 3249 1385 3330 1408).

89 3355 239 3428 scriptura
261 3372 316 3429 per
338 3372 446 3412 omnes
474 3373 581 3412 versus
606 3353 797 3412 dextrorsum
832 3356 974 3424 decurrit,
1008 3357 1101 3414 verba
1123 3375 1186 3414 non
1218 3357 1313 3415 latina
1339 3356 1386 3414 lit·

89 3455 161 3511 teris
186 3456 299 3530 scripta
324 3463 394 3510 sunt
415 3472 474 3511 nec
497 3455 598 3512 latinis
621 3472 720 3529 neque
744 3455 896 3523 umbrieis,
931 3464 1065 3531 suntque
1087 3457 1118 3513 in
1140 3474 1281 3514 sermone
1307 3474 1386 3532 quae

90 3556 234 3614 differant
257 3556 296 3613 ab
322 3555 497 3632 iguinorum
520 3575 586 3618 usu.
622 3558 678 3613 sed
701 3557 780 3613 inter
802 3557 935 3614 umbrica
950 3567 1149 3616 monumenta
1164 3559 1294 3616 relatum
1315 3560 1387 3617 titu-

89 3659 153 3714 lum
175 3675 237 3714 non
258 3657 448 3714 movebimus
470 3659 606 3727 interim,
630 3659 701 3734 quia
722 3658 753 3714 in
776 3656 902 3715 Vmbria
930 3668 1068 3734 repertus
1099 3668 1147 3717 est
1167 3661 1400 3736 umbricaeque.

90 3758 272 3816 simillimam
294 3758 428 3833 linguam
450 3759 588 3833 praebet.
826 3765 829 3770 “

190 3859 217 3917 Α
243 3862 258 3918 l
283 3870 355 3918 ante
376 3880 390 3916 s
411 3860 618 3918 indubitatum
641 3860 761 3918 litterae
784 3860 956 3934 vestigium,
979 3861 1047 3918 leve
1070 3872 1141 3937 post
1163 3879 1241 3925 eam.
1259 3872 1388 3940 apparet

90 3960 217 4017 infuisse
240 3961 271 4018 in
293 3960 352 4017 hoc
373 3978 461 4018 versu
489 3958 587 4022 Corsis
629 3961 661 4018 in
683 3963 701 4021 5
724 3960 830 4039 slasuz't
850 3963 960 4037 legitur
988 3963 1140 4038 lapicidae
1172 3965 1236 4021 sive
1262 3965 1386 4040 pictoris

89 4063 216 4121 mendo

192 4166 209 4222 6
234 4163 301 4220 Allo
324 4162 454 4238 Egnatio
477 4163 656 4242 Druligeno,
674 4185 746 4224 nam
761 4167 881 4224 dativus
899 4184 990 4243 quarn
1012 4169 1172 4243 genetivus
1198 4169 1296 4244 magis
1318 4186 1389 4244 pro·

91 4264 182 4320 batur
203 4264 242 4320 ab
265 4264 400 4322 umbrica
423 4267 576 4343 analogia.
614 4266 652 4325 cl.
670 4286 778 4326 oscum
801 4267 993 4348 lovsrikonoss
1015 4287 1034 4326 a
1049 4271 1143 4328 libero
1167 4271 1337 4329 derivatum
1356 4280 1389 4329 ut

92 4364 247 4438 privignos
271 4384 289 4422 a
311 4366 406 4440 priv0,
429 4367 539 4442 gallica
563 4369 689 4427 nomina
711 4371 792 4427 velut
814 4371 868 4427 viri
890 4370 1145 4445 Noviomagensis
1162 4369 1210 4432 M.
1228 4372 1391 4429 Ammulius

96 4464 281 4539 Ollognalus.
304 4467 499 4524 tumkarnz'lu
514 4485 575 4543 quo
594 4468 739 4544 reliquiae
762 4472 937 4529 conduntur
958 4472 997 4529 ab
1017 4472 1137 4530 ossibus
1156 4461 1254 4542 lectis,
1276 4472 1392 4531 karnus

92 4573 128 4622 ut
151 4566 270 4640 opinor,
292 4567 328 4628 cf.
351 4568 544 4629 carnuficem.

194 4669 212 4725 8
235 4667 350 4746 artuas,
373 4670 398 4726 si
418 4679 556 4728 extrema
578 4670 679 4729 littera
702 4689 733 4728 κ
757 4671 841 4731 idern
863 4673 944 4732 valet
971 4676 1056 4750 quod
1079 4671 1112 4734 8.
1161 4683 1245 4734 certe
1267 4672 1399 4737 verbum
