3742 5364
709 352 747 408 75
1168 351 1279 413 vtem
1293 355 1373 412 1x28

74 533 168 614 persi
192 532 335 595 vestisia
369 543 403 596 et
431 532 608 612 pesondro
641 552 697 594 so·
711 557 736 595 24
750 538 865 611 pedem
882 536 1039 594 vesticiam
1055 548 1086 594 et
1108 547 1300 613 persontrum
1323 558 1373 596 su·

75 745 185 801 clarius
208 751 256 799 est
279 760 369 816 quam
393 742 477 814 quod
500 740 732 813 interpretando
753 757 789 794 ex
815 740 914 795 tabula
939 739 982 794 VI
1017 757 1123 796 eruere
1147 743 1251 797 studui
1274 760 1373 815 agnae

74 845 269 909 vocabulum,
303 843 455 924 idipsum
489 842 548 897 illic
571 841 630 914 legi
654 842 684 896 in
706 836 739 896 l?
772 841 912 897 nimirum
936 841 1131 897 uvesmzlrest
1154 861 1207 897 uae
1231 843 1325 920 esmr‘le,
1349 845 1373 899 si

75 947 202 1019 quidem
225 944 329 1000 Vmbri
362 961 447 999 more
470 944 572 999 italico
595 942 734 997 vocalem
756 942 854 998 vocali
877 943 1087 997 continentem
1122 943 1373 1015 pronuntiatione

76 1066 114 1103 ac
139 1048 285 1120 scriptura
308 1044 501 1102 confundunt
523 1052 553 1099 et
577 1051 804 1118 coagmentant,
829 1043 910 1098 velut
933 1043 1043 1101 1318
1059 1044 1221 1115 parlalulu
1242 1044 1293 1100 ubi
1319 1062 1373 1099 no-

75 1167 147 1204 vum
171 1147 326 1221 exemplar
341 1153 462 1219 pariata
487 1147 536 1201 ula
569 1153 600 1201 et
624 1145 668 1200 IV
684 1147 723 1202 33
743 1143 901 1199 neriilrabar
923 1162 976 1217 pro
999 1146 1049 1199 nei
1069 1144 1198 1200 adhabar
1219 1139 1266 1218 (ne
1289 1144 1373 1201 adhi-

76 1248 186 1322 beanl),
209 1265 339 1320 eamque
362 1246 570 1320 synaloephen
587 1265 626 1301 ne
650 1247 895 1318 interpunctione
912 1245 1036 1318 quidem
1057 1246 1119 1301 tolli
1138 1246 1373 1303 luculentissime

75 1351 211 1408 carmina
246 1349 339 1405 latina
373 1349 551 1404 ostendunt.
596 1364 677 1420 quae
701 1355 817 1402 restant
837 1347 918 1415 elafii
937 1348 951 1401 i
978 1348 1097 1404 litterae
1128 1365 1202 1404 sane
1238 1348 1372 1421 aliquam

76 1460 257 1508 contraxere
279 1451 380 1507 labem
403 1452 460 1506 sed
474 1451 638 1516 minimam,
663 1449 791 1505 sufficiet
813 1451 893 1505 enim
910 1450 1077 1522 diremptas
1091 1452 1288 1524 coniungere,
1312 1468 1372 1523 quo

76 1553 159 1609 sacto
184 1554 367 1609 adiectivum
392 1553 494 1608 existit
517 1551 614 1608 forma
636 1569 809 1625 congruens
833 1569 902 1607 cum
928 1551 1192 1608 ldehr'z'er'Klaar'ier
1215 1552 1371 1609 similibus·

75 1672 137 1727 que
172 1655 279 1727 quibus
316 1654 417 1710 Latini
441 1654 455 1707 r'
474 1653 600 1708 alteram
632 1654 810 1724 detraxere,
846 1653 1017 1725 significatu
1048 1672 1117 1710 cum
1143 1654 1299 1712 stabulari:
1335 1673 1374 1710 ex

76 1755 192 1811 casuali
215 1755 428 1810 terminatione
452 1763 504 1809 aut
527 1753 599 1809 nihil
624 1753 762 1809 relictum
785 1761 841 1819 est,
871 1771 1020 1826 persaepe
1044 1755 1125 1810 enim
1147 1754 1319 1828 neglegitur
1341 1755 1372 1810 in
1464 1745 1466 1750 ¹

75 1857 235 1912 adiectivis
257 1866 289 1912 nt
314 1856 381 1911 Fr'sr'
400 1857 448 1922 al.,
472 1863 525 1911 aut
547 1854 686 1928 pusillum
704 1855 761 1911 hoc
778 1863 811 1909 ut
830 1855 1020 1911 semivocalis
1038 1863 1175 1912 extrema
1191 1855 1373 1928 liquesceret

74 1959 107 2013 in
130 1958 274 2014 vocalem.
309 1956 428 2024 sufficit,
449 1958 583 2030 inquam,
605 1956 679 2011 illud
696 1974 752 2012 nec
766 1973 847 2028 nego
863 1956 1002 2029 potuisse
1019 1954 1137 2012 fabrum
1153 1957 1204 2029 qui
1226 1958 1372 2030 peccarit,

74 2077 204 2133 peccare
227 2059 406 2132 plusculum,
431 2077 498 2114 cum
519 2059 600 2131 rlaflr
624 2059 765 2113 debuerit
792 2066 844 2114 aut
878 2057 998 2130 rtaflare
1019 2056 1165 2113 incidere.
1207 2059 1373 2131 legendum

74 2161 166 2234 igitur
186 2160 276 2234 slafh'r‘
300 2179 352 2215 aaa
371 2161 698 2239 interpretanrlumque
714 2169 836 2232 pararem
866 2160 1062 2215 succedaneum
1076 2159 1174 2236 facito
1194 2159 1373 2216 stabularent

76 2281 162 2320 ovem.
184 2270 217 2318 at
238 2278 361 2335 porcuS,
383 2260 510 2336 inquies,
536 2261 586 2334 qui
608 2269 712 2334 potest
735 2262 799 2316 ovis
823 2257 905 2316 fieri?
939 2262 1012 2316 audi
1034 2269 1145 2320 cetera.
1168 2279 1279 2335 porcus
1302 2279 1372 2318 cum

75 2365 149 2420 olim
171 2364 305 2436 legitima
328 2364 434 2419 fuisset
456 2363 557 2430 hostia
578 2364 774 2428 succidanea,
797 2365 864 2418 suar
879 2369 1037 2434 persanler
1060 2372 1206 2436 tanquam
1226 2364 1256 2419 in
1280 2382 1373 2420 unum

75 2473 252 2538 certumque
277 2464 458 2521 vocabulum
481 2465 522 2519 ita
546 2465 671 2528 coaluit,
696 2472 789 2519 utne
813 2471 877 2520 tum
901 2465 1026 2538 quidem
1047 2483 1084 2520 eo
1109 2466 1152 2520 uti
1176 2466 1371 2533 desisterent,

74 2584 146 2622 cum
168 2566 251 2622 aliud
274 2584 391 2622 sacrum
415 2585 508 2639 porco
532 2576 725 2623 successerat
748 2567 900 2624 vicariurn.
946 2585 1016 2622 nam
1047 2575 1081 2622 ut
1115 2566 1199 2623 Servi
1232 2575 1372 2640 repetam

75 2666 169 2722 verba
184 2665 274 2737 (Aen.
287 2666 315 2721 ΙΙ
331 2664 415 2741 116),
437 2669 581 2722 scr'endam
606 2669 635 2721 r'n
658 2669 752 2722 racrrr
772 2668 909 2722 stinalata
925 2675 981 2738 pra
998 2668 1075 2722 aeris
1097 2667 1197 2739 accipi,
1223 2667 1297 2721 ande
1309 2685 1371 2722 cum

76 2768 111 2821 de
133 2766 310 2822 aminalr'bus
330 2787 404 2841 quae
428 2767 550 2845 difficile
571 2769 759 2824 inveniuntur
782 2775 822 2822 erl
841 2767 1074 2840 sacrificandum,
1100 2769 1132 2822 de
1148 2777 1228 2840 pane
1244 2768 1291 2823 uel
1305 2787 1372 2823 cera

68 2867 150 2940 fiunt
170 2875 196 2923 el
208 2877 265 2940 pra
286 2870 364 2925 aeris
387 2871 581 2942 acceptantur.
627 2871 670 2926 sic
703 2879 805 2926 tauros
829 2870 938 2925 Festus
962 2869 1076 2924 rettulit
1099 2871 1128 2924 in
1152 2868 1371 2925 commentario

75 2987 229 3026 sacrorum
267 2970 437 3043 significare
471 2971 542 3029 ficta
566 2972 730 3046 farinacea,
764 2972 908 3044 idemque
943 2971 1087 3026 latissime
1118 2973 1200 3043 apud
1234 2970 1372 3027 Graecos

75 3089 148 3127 usus
171 3073 279 3145 patuit,
302 3073 386 3128 velut
408 3071 471 3128 lovi
494 3072 630 3143 Milichio
647 3073 820 3146 Xenophon
843 3068 1020 3131 ὡλοκαύτει
1043 3067 1172 3146 χοίρου(
1188 3073 1234 3151 τῷ
1248 3068 1371 3151 πατρίῳ

75 3168 175 3251 νόμῳ,
219 3190 371 3247 pauperes
405 3174 617 3230 sacrificabant
649 3171 796 3247 πέμματα
820 3168 864 3232 εἰ(
890 3171 982 3251 ζῴων
1005 3169 1132 3246 μορφὰς
1154 3169 1371 3245 τετυπωμένα.

75 3291 139 3329 non
160 3275 247 3330 aliter
268 3277 357 3330 sudus
373 3281 531 3348 perunlrus
551 3293 628 3349 quos
645 3275 751 3331 Vmbri
774 3274 905 3347 pelsant,
928 3272 1063 3333 πέλανοι
1086 3283 1157 3330 sunt
1181 3274 1228 3329 vel
1251 3282 1284 3329 ut
1308 3275 1372 3349 pla·

76 3383 197 3430 centam
221 3376 375 3431 nominem
399 3375 437 3430 ab
462 3375 548 3431 suilla
571 3376 662 3449 stirpe
686 3384 784 3432 ortam
808 3375 952 3449 χοιρῑναι,
976 3393 1038 3431 non
1061 3375 1121 3430 veri
1144 3375 1237 3448 porci,
1262 3375 1371 3449 quibus

74 3493 115 3531 ne
138 3475 209 3531 illud
242 3476 366 3550 quidem
401 3484 471 3549 apte
498 3478 674 3556 conveniret
708 3495 779 3532 vara
802 3495 876 3548 quae
898 3478 939 3530 ad
951 3482 1105 3548 peruntras
1132 3475 1281 3545 habuerit,
1316 3478 1373 3533 sed

74 3577 183 3636 ficticii.
227 3579 355 3633 materia
377 3578 468 3650 igitur
489 3578 625 3650 pesontri
657 3578 687 3633 hi
720 3580 803 3652 porci
836 3586 1010 3652 congruunt
1048 3596 1117 3634 cum
1152 3594 1190 3633 eo
1224 3588 1371 3652 pesontro

75 3696 165 3752 quern
188 3678 257 3734 ΠΒ
279 3680 314 3735 13
338 3678 406 3734 ferri
430 3679 492 3734 dixi
516 3679 587 3735 artis
610 3680 772 3753 pistoriae,
796 3687 827 3733 et
863 3679 934 3752 quia
968 3678 1112 3734 facillime
1141 3678 1232 3735 aliam
1254 3697 1291 3734 ex
1313 3681 1372 3737 alia

76 3779 203 3835 formam
226 3780 312 3835 lictor
333 3780 477 3844 imitatur,
501 3778 629 3836 alterurn
652 3800 778 3855 porcum
802 3781 1022 3836 succidaneum
1043 3781 1148 3854 pecori
1169 3782 1253 3855 quod
1269 3782 1372 3838 stabu-

76 3882 161 3944 latur,
184 3882 234 3935 ovi
256 3882 429 3949 adsimulat,
455 3891 486 3938 et
509 3884 736 3960 quia-nativum
760 3900 883 3938 sensum
906 3883 936 3937 in
960 3883 1018 3938 hoc
1034 3883 1197 3956 complexu
1213 3883 1372 3940 verborum

72 3983 162 4036 sudus
184 3982 405 4053 deposuerant,
438 3983 497 4038 hoc
521 3983 625 4038 Vmbri
649 4002 720 4041 mox
742 3984 834 4057 plane
861 3983 1040 4040 abiecerunt
1073 3985 1202 4060 locoque
1240 3987 1371 4043 nominis

73 4101 167 4139 unum
189 4082 339 4138 retinuere
355 4085 524 4156 perondram
547 4103 637 4158 quern
665 4104 720 4159 pro
751 4085 846 4157 figura
877 4085 972 4140 modo
993 4103 1099 4140 sarram
1128 4087 1161 4142 id
1183 4094 1233 4142 est
1255 4086 1372 4142 suillum

75 4186 170 4240 modo
195 4183 339 4257 stastarem
362 4187 466 4258 pecori
489 4188 650 4260 cornigero
675 4187 890 4244 adsimulatum
914 4194 1069 4246 vocarent.
1114 4187 1245 4262 patrium
1268 4196 1371 4244 autem

74 4303 192 4342 morem
215 4286 307 4341 etiam
327 4286 399 4342 inde
422 4289 631 4361 perspicimus
655 4289 739 4362 quod
760 4286 896 4360 quamvis
913 4287 1056 4344 stabulari
1080 4297 1227 4361 pesontro
1250 4288 1372 4358 faciant,

73 4388 107 4444 id
128 4388 227 4462 ipsum
250 4396 353 4443 tamen
375 4406 497 4445 carmen
513 4398 674 4463 precantur
696 4390 727 4444 in
749 4406 808 4462 quo
833 4396 881 4445 est
901 4388 954 4443 hac
968 4397 1058 4461 parco
1079 4389 1259 4447 succedanea.
1284 4391 1373 4447 deni·

75 4505 134 4563 que
157 4489 240 4562 quod
263 4490 419 4545 vesticiam
452 4489 497 4546 his
530 4493 613 4546 saa‘er
635 4498 720 4546 vetus
743 4491 900 4565 exemplar
921 4491 1005 4546 iubet
1028 4489 1079 4565 figi
1100 4492 1282 4564 separatim,
1316 4509 1374 4564 pro

75 4590 153 4646 veris
177 4606 231 4645 eos
254 4588 362 4646 hostiis
385 4592 480 4664 accipi
498 4592 686 4665 vicariosque
702 4591 878 4648 animalium
895 4610 964 4649 esse
984 4593 1199 4654 admonemur:
1223 4592 1305 4668 porci
1324 4609 1376 4647 so·

73 4692 179 4748 lebant
200 4693 316 4749 amburi
336 4692 368 4749 in
390 4694 558 4761 scrobibus,
592 4689 713 4768 εὕστρα
736 4689 854 4770 βόθρος
877 4691 912 4755 ἐν
936 4691 962 4774 ᾧ
985 4691 1064 4768 τοὺς
1087 4687 1124 4766 ὗς
1148 4692 1290 4766 εὕουσιν,
1323 4687 1379 4750 εὔ-
