3742 5364
689 365 748 423 167
1282 361 1375 425 lvio

73 546 157 608 mek
179 544 346 608 tehtedim
365 543 369 626 l
391 553 448 607 etu
471 545 575 619 veltu,
610 545 699 607 edek
750 557 962 624 tegumentum
1009 543 1013 626 l
1060 551 1103 607 ito
1148 539 1288 626 deligito,
1342 552 1374 608 id

72 656 258 726 persuntre
279 654 431 708 autentu.
476 643 630 726 inumekl
646 659 912 726 atr-arpersontro
957 650 1104 724 inponit0.
1176 660 1251 707 tunc
1282 646 1285 729 l
1328 672 1374 710 ar·

73 740 183 808 slataf
214 766 319 807 vasus
355 744 492 808 ufestne
530 745 704 809 sevaknef
752 751 869 808 culatas
892 753 971 808 vasis
999 751 1184 827 operculatis
1212 753 1375 810 sollemnes

75 950 171 1008 imum
191 950 340 1010 instructa
363 969 415 1014 ara
438 951 486 1008 dis
509 952 685 1026 devovetur,
720 950 855 1026 profanis
882 951 972 1008 donis
995 959 1133 1027 ornatur,
1161 960 1225 1010 tum
1253 955 1376 1012 demum

76 1070 140 1109 una
162 1070 231 1109 curn
253 1053 331 1110 extis
351 1060 418 1109 tota
438 1052 566 1110 flammis
590 1053 781 1127 conflagrare
798 1051 909 1127 coepit.
947 1051 1075 1108 verterim
1095 1071 1114 1109 a
1128 1055 1266 1127 tegendo
1288 1058 1377 1130 quasi

76 1154 214 1211 tectilem
236 1162 290 1210 aut
312 1155 473 1212 tectoriam
495 1170 574 1210 rem:
597 1155 822 1229 operimentum
846 1153 973 1228 aliquod
992 1153 1159 1212 libamento
1174 1158 1259 1230 quod
1281 1159 1376 1214 modo

78 1272 254 1329 supremum
277 1255 448 1312 conlocavit
469 1255 616 1329 magister
636 1255 763 1330 imponit
789 1254 861 1311 foris
883 1254 1014 1328 petitum
1036 1271 1091 1312 suo
1113 1257 1268 1316 arbitratu.
1305 1278 1376 1317 nam

78 1357 158 1412 vella
178 1357 304 1414 liberam
326 1357 515 1414 voluntatem
538 1357 705 1430 significat,
729 1364 838 1430 optato
867 1356 970 1431 eligito
993 1357 1131 1414 sciscito:
1165 1357 1234 1416 hinc
1267 1360 1376 1418 chaeltu

57 1457 194 1514 edicito
216 1458 366 1532 imperato
389 1466 421 1514 et
444 1457 575 1513 ehaelkla
598 1458 708 1514 scitum
731 1458 891 1515 decretum
914 1453 1084 1532 βούλευμα.
1118 1462 1306 1535 anastrophe
1323 1464 1376 1520 ob·

80 1558 164 1614 venit
186 1559 344 1615 verborum
367 1558 428 1615 sive
457 1559 677 1632 hysterologia,
707 1577 774 1615 cum
798 1559 927 1615 leateaim
955 1559 1123 1634 principale
1152 1573 1378 1636 praeponerent

79 1675 182 1733 neque
208 1665 252 1715 eta
275 1668 309 1717 ut
330 1668 513 1717 structuram
529 1669 685 1717 mutarent
700 1660 836 1718 facerent
852 1661 939 1729 tanti,
962 1679 1025 1717 non
1040 1661 1170 1719 molesta
1193 1670 1297 1721 tamen
1316 1667 1376 1732 illa,

80 1760 105 1816 si
130 1760 252 1834 quidem
275 1761 368 1818 latine
390 1762 543 1818 dicentem
560 1767 676 1835 patrem
699 1762 712 1817 i
732 1761 865 1835 quaerela
888 1779 997 1819 omnes
1027 1761 1215 1837 intellegunt,
1245 1767 1377 1843 taliaque

79 1864 300 1937 imperantibus
322 1865 413 1922 moris
435 1873 483 1922 est
502 1865 546 1922 uti
562 1867 723 1940 asyndet0.
758 1866 850 1922 nolim
866 1865 957 1941 igitur
973 1865 1050 1921 aella
1065 1882 1121 1940 pro
1136 1865 1247 1939 supino
1262 1866 1377 1934 haberi,

80 1982 158 2021 sane
180 1965 303 2039 quidem
325 1965 431 2023 Vmbri
454 1967 579 2022 aserrala
603 1973 657 2022 carl
677 1967 720 2024 sic
742 1975 775 2023 ut
798 1966 900 2023 Latini
923 1966 1081 2040 quaesrlum
1100 1967 1220 2040 petrium
1242 1975 1378 2042 rogatam

80 2067 137 2133 ire,
160 2067 304 2123 sedeam
327 2067 454 2125 formam
476 2086 534 2124 nec
554 2069 632 2125 velle
656 2077 709 2125 aut
730 2069 811 2142 paris
829 2068 991 2142 potestatis
1008 2068 1100 2124 verba
1116 2067 1278 2124 commode
1300 2068 1377 2124 reci-

79 2167 169 2240 piunt
191 2185 292 2242 neque
315 2169 460 2226 orationis
483 2170 625 2226 concisae
647 2169 787 2226 brevitati
811 2170 883 2226 satis
918 2178 990 2244 apta
1019 2178 1066 2226 est
1093 2186 1152 2225 nec
1181 2169 1315 2244 denique
1340 2187 1378 2225 ex

82 2268 191 2323 ordine
212 2271 372 2326 verborum
392 2271 584 2345 praestabilis
604 2271 852 2346 deprehenditur.
878 2272 1017 2327 occultam
1039 2268 1143 2344 afferre
1163 2269 1314 2344 signifiml
1325 2270 1377 2326 sub

80 2375 191 2426 terram
204 2370 276 2448 fere
292 2381 402 2445 ponere
423 2373 543 2440 Festus,
560 2382 593 2429 ut
608 2374 689 2429 noris
705 2390 797 2447 quam
812 2373 901 2429 nobis
917 2381 1035 2429 curtum
1050 2372 1220 2428 reddiderit
1231 2371 1378 2431 Verrium.

185 2473 223 2529 22
259 2472 367 2529 Paulus
388 2474 472 2529 Festi
494 2492 523 2548 p.
538 2477 576 2533 16
601 2475 739 2531 arculata
764 2474 934 2531 dicebantur
957 2476 1065 2531 circuli
1086 2475 1139 2549 qai
1158 2492 1197 2530 ex
1209 2470 1324 2549 farma
1347 2474 1378 2530 ia

80 2570 237 2644 sacrificial*
251 2572 371 2646 fiebant.
415 2575 497 2632 idem
521 2577 611 2651 paulo
635 2585 706 2633 ante
730 2577 863 2632 arculam
889 2576 1077 2652 appellatum
1108 2577 1252 2633 circulum
1275 2575 1380 2632 scribit

82 2689 175 2746 quem
198 2675 290 2748 capiti
312 2675 512 2750 imposuerint
540 2679 582 2733 ad
611 2678 792 2734 sustinenda
813 2679 1005 2735 commodius
1030 2696 1103 2736 vasa
1126 2695 1206 2752 quae
1230 2678 1270 2734 ad
1294 2693 1380 2733 sacra

83 2770 205 2847 publi'ca
228 2777 327 2849 capite
350 2778 558 2851 portabantur.
606 2779 742 2837 arculum
765 2796 856 2852 quem
885 2779 1034 2837 flaminica
1066 2779 1161 2836 Dialis
1194 2796 1315 2853 semper
1349 2778 1380 2833 in

83 2875 186 2948 capite
208 2876 343 2934 habebat
365 2879 550 2948 sacrificam,
573 2880 693 2938 Servius
714 2882 753 2938 ad
770 2882 846 2939 Aen.
857 2881 901 2937 IV
916 2883 974 2940 137
997 2882 1110 2954 virgam
1130 2897 1198 2937 esse
1222 2879 1313 2935 refert
1335 2879 1379 2935 in·

83 2987 241 3036 curvatam
263 2987 365 3054 quaest
384 2983 473 3055 quasi
492 3002 600 3038 carana
622 2989 649 3038 et
672 2983 730 3038 rina
751 3000 918 3055 summaque
941 2983 1017 3037 alaier
1036 3000 1065 3037 se
1080 2982 1231 3055 alligatur
1253 2981 1381 3037 oraculo.

84 3078 231 3136 feminino
253 3099 369 3156 genere
392 3084 484 3140 etiarn
507 3085 611 3141 circuli
640 3102 678 3140 ex
705 3084 801 3141 farina
833 3100 990 3158 caseoque
1018 3084 1048 3138 in
1083 3101 1162 3158 aqua
1184 3082 1264 3138 cocti
1287 3099 1304 3137 a
1328 3081 1381 3138 Sa-

83 3179 163 3236 binis
186 3181 293 3239 lixulae
316 3185 504 3242 vocabantur
526 3194 606 3243 teste
631 3185 768 3241 Varrone
791 3186 807 3243 l.
825 3186 842 3241 l.
860 3182 889 3239 V
908 3184 976 3243 107.
1023 3184 1098 3240 scite
1121 3183 1210 3258 igitur
1232 3183 1382 3241 arculatas

84 3281 244 3354 placentas
267 3301 425 3358 supremas
449 3286 645 3342 sollemnibus
669 3302 748 3360 quae
783 3301 969 3359 congessere
992 3284 1168 3340 muneribus
1198 3292 1229 3339 et
1261 3282 1382 3339 ultimas

85 3382 231 3451 adiciunt,
255 3385 361 3458 quibus
384 3386 491 3443 altaria
514 3386 694 3460 fustigentur
727 3393 758 3440 et
793 3393 978 3441 coronentur
1010 3385 1096 3458 quasi
1126 3401 1219 3459 opere
1244 3390 1380 3440 arcuato.

85 3500 148 3556 qua
171 3502 241 3540 vero
265 3487 383 3543 ratione
406 3489 561 3545 arculatae
584 3489 793 3563 porriciantur‚
827 3487 876 3543 vix
913 3487 1046 3561 adsequi·
1075 3485 1175 3542 licebit
1198 3485 1381 3541 coniectura.

84 3602 173 3640 varas
194 3596 228 3642 ut
250 3587 378 3645 barbare
400 3589 559 3664 loquamur
581 3591 718 3647 vasibus:
740 3608 829 3646 aasor
851 3607 919 3645 vasa
942 3590 981 3645 ab
997 3588 1118 3644 Vmbris
1141 3587 1218 3661 ignis
1242 3603 1336 3643 causa
1351 3593 1382 3641 et

86 3685 214 3744 libomm
237 3687 297 3745 iam
320 3692 550 3748 combustorum
572 3691 602 3747 iu
625 3691 832 3765 descriptione
855 3690 1005 3746 amburbii
1027 3690 1222 3747 nominantur
1244 3687 1326 3744 VIA
1344 3689 1382 3746 19

86 3794 120 3841 et
143 3786 228 3856 Bau,
260 3791 368 3847 ceteris
392 3792 466 3848 locis
490 3793 629 3849 omnibus
651 3792 750 3849 aeskla
772 3800 824 3848 aut
847 3792 967 3865 species
997 3791 1189 3847 vasculorum
1222 3787 1382 3863 peculiaris

86 3888 168 3944 velut
191 3889 327 3962 capides.
373 3894 457 3949 uude
479 3894 677 3967 probabiliter
699 3892 826 3949 efficitur
847 3909 887 3948 ne
910 3891 959 3949 hic
974 3891 1100 3967 quidem
1116 3907 1190 3948 vasa
1206 3907 1260 3946 eos
1284 3890 1382 3946 dictu·

86 4005 138 4054 ros
161 3989 264 4058 fuisse,
286 3991 310 4047 si
334 3991 470 4067 intellegi
493 3995 660 4051 voluissent
676 4012 738 4070 qua
761 3994 917 4050 arculatae
938 3994 968 4050 in
991 3993 1097 4050 altaria
1117 3993 1262 4050 darentur
1284 3989 1383 4066 supel-

88 4089 218 4147 lectilem
241 4091 423 4167 simpliciter,
445 4094 537 4151 immo
561 4096 723 4153 coniuncte
739 4096 879 4151 dixerunt
902 4112 989 4150 vasus
1011 4092 1122 4172 useslne
1143 4093 1187 4149 ita
1202 4102 1235 4149 ut
1257 4091 1382 4148 minoris

87 4191 170 4260 illud,
193 4192 313 4248 maioris
336 4193 395 4250 hoc
415 4203 498 4251 esset
515 4196 672 4253 momenti.
719 4212 792 4268 ergo
822 4195 1005 4252 adiectivum
1038 4194 1098 4251 hoc
1127 4193 1306 4251 habendum
1336 4198 1383 4246 est

88 4292 136 4348 cui
158 4311 172 4347 s
193 4292 313 4350 finalem
336 4295 532 4369 detraxerint,
555 4316 618 4354 non
641 4297 819 4354 adverbium
840 4296 930 4370 quale
947 4305 1040 4370 perne
1062 4313 1098 4354 ac
1113 4300 1225 4369 postne,
1248 4293 1384 4366 ideoque

88 4410 219 4450 necesse
242 4393 297 4451 fuit
315 4397 461 4470 perscribi
484 4398 586 4454 statim
608 4396 754 4476 seaaknes
780 4399 920 4455 omnibus
955 4397 1070 4465 litteris,
1103 4397 1212 4470 nequis
1241 4395 1283 4451 ad
1310 4411 1385 4452 vasa

88 4495 214 4552 referret
236 4499 320 4570 quod
343 4506 459 4556 tautum
482 4500 648 4574 pertineret
669 4501 710 4557 ad
731 4501 890 4558 arculatae
934 4499 1008 4556 illud
1041 4498 1212 4556 derivatum
1241 4495 1313 4551 mihi
1344 4497 1387 4554 vi·

90 4598 179 4654 detur
201 4597 239 4653 ab
263 4597 349 4677 afesl·
372 4601 500 4674 perinde
524 4609 615 4675 atque
639 4601 756 4657 alternes
777 4602 815 4657 ab
840 4601 915 4670 aher,
939 4602 997 4657 etsi
1013 4599 1116 4657 Latini
1135 4616 1203 4658 cum
1219 4596 1394 4672 participiis

90 4718 158 4756 eam
181 4699 345 4756 clausulam
369 4700 428 4758 alio
451 4701 546 4758 modo
570 4700 788 4759 commiserunt
809 4701 975 4776 figurantes
991 4699 1168 4761 libertinum
1190 4708 1220 4754 et
1241 4695 1401 4765 collecta.
