3742 5364
263 523 321 566 rer
350 514 474 585 opeter
506 526 539 588 p.
564 502 616 565 VI
650 522 735 583 agre
759 502 891 566 Casiler

943 507 1028 563 farris
1065 508 1138 563 boni
1168 526 1198 583 p.
1221 507 1264 563 Vl
1298 508 1361 582 agri
1390 505 1483 562 Casili
1516 506 1564 561 Pi-

209 615 241 665 15
261 603 402 686 Piquier
427 608 437 679 Ι
459 604 603 668 Martier
626 612 661 666 et
690 597 794 666 §esna
823 604 885 665 ho·
938 607 976 665 cii
1011 604 1021 676 Ι
1050 607 1152 664 Martii
1183 617 1215 664 et
1250 626 1358 664 cenam
1392 607 1617 664 hominibus15

259 725 382 769 monus
406 706 492 781 duir,
527 705 603 786 puri
626 702 680 765 far
703 704 885 778 eiscurent‚
938 710 1058 767 duobus
1096 708 1147 782 qui
1185 708 1230 764 far
1273 708 1467 765 arcessierint
1510 717 1564 765 aut

260 815 318 870 ote
341 829 370 870 a.
394 806 470 889 VLr
574 804 726 868 Casilate
750 805 886 868 dirsans

260 907 350 970 herti
365 907 492 971 frateer
504 905 677 970 Atiersiur
692 906 886 969 sehmenier

942 829 969 866 a.
992 802 1065 886 VLl
1172 808 1298 869 Casilati
1331 811 1408 865 dent
1445 818 1568 883 oportet

943 910 1050 967 fratres
1093 910 1209 967 Atiedii
1250 911 1468 967 semenstribus
1512 911 1567 966 de·

266 1007 433 1088 dequrier
452 1013 456 1085 Ι
475 1009 633 1089 pelmner
659 1025 777 1070 sorser
798 1008 892 1088 posti
944 1013 1031 1070 curiis
1059 1008 1064 1085 Ι
1090 1013 1238 1088 pulmenti
1258 1063 1259 1069 ,
1278 1012 1352 1070 suilli
1387 1012 1418 1068 in
1453 1012 1567 1084 agonia

264 1130 352 1172 acnu
372 1108 436 1171 vei
446 1108 519 1172 XV
535 1109 694 1172 cabriner
709 1107 771 1170 ves
782 1107 848 1172 VII
866 1130 891 1174 s.

209 1213 243 1265 18
263 1219 298 1274 et
317 1212 322 1292 Ι
341 1206 445 1274 sesua
467 1219 525 1274 ote
549 1231 579 1272 a.
603 1210 663 1273 VI.

942 1124 1045 1189 parles
1078 1112 1146 1183 XV,
1180 1113 1295 1187 caprini
1326 1122 1428 1187 partes
1460 1111 1519 1168 VH
1541 1131 1566 1171 S.

943 1223 975 1271 et
994 1207 998 1291 Ι
1018 1232 1128 1272 cenam
1150 1224 1202 1271 aut
1224 1233 1251 1271 a.
1275 1214 1328 1272 VI.
1588 1222 1622 1275 18

823 1444 884 1518 VI
910 1433 991 1518 VII

125 1662 130 1673 ·
163 1639 243 1688 VIA
304 1633 388 1696 Este
422 1632 561 1714 perseio
590 1632 686 1694 aveis
720 1632 888 1694 aseriater

264 1744 380 1808 enetu,
424 1732 526 1816 parfa
562 1753 707 1797 curnase
745 1734 885 1807 dersva,

262 1835 376 1918 peiqu,
390 1836 491 1918 peica
514 1845 653 1897 merstu.
686 1835 768 1917 poei
784 1834 887 1916 angla

263 1937 415 2000 aseriato
435 1939 439 2013 Ι
460 1943 544 2010 eest,
562 1956 622 1999 eso
644 1945 779 1998 tremnu
791 1955 887 1999 serse

262 2037 451 2101 arsferture
475 2037 614 2101 ehveltu
638 2037 757 2118 stiplo:
781 2036 886 2099 aseri-

263 2137 319 2200 aia
340 2137 441 2219 paria
464 2140 599 2212 dersva,
624 2157 774 2200 curnaco
793 2139 886 2200 ders·

227 2246 315 2313 3va,
336 2242 341 2318 Ι
360 2239 460 2320 peico
482 2248 622 2313 merst0‚
654 2238 755 2320 peica
781 2258 887 2300 mers·

265 2350 309 2414 ta,
339 2351 470 2404 mersta
492 2341 602 2416 avvei,
625 2349 755 2403 mersta
782 2340 888 2422 angla

264 2462 380 2507 esona.
425 2441 575 2505 affertur
600 2463 659 2504 eso
686 2440 889 2523 anstiplatui

265 2541 303 2606 ef
333 2542 460 2608 aserio:
497 2542 608 2625 ‘parfa
640 2544 776 2617 dersva,
814 2561 887 2603 cur-

263 2663 351 2707 naco
369 2644 504 2720 dersva,
519 2644 619 2726 peico
630 2652 770 2717 mersto,
786 2643 888 2724 peica

229 2751 244 2803 5
264 2752 399 2819 mersta,
428 2755 558 2808 mersta
580 2744 682 2819 aveif,
716 2742 888 2817 merstafi

263 2844 387 2927 anglaf
421 2866 528 2909 esona
560 2847 669 2920 mehe,
708 2854 783 2908 tote
817 2829 883 2906 Iio·⁴

263 2947 374 3022 veine,
408 2949 515 3011 esmei
545 2947 693 3011 stahmei
725 2945 887 3010 stahmei·

262 3047 329 3110 tei'.
353 3049 534 3131 sersipirsi
547 3060 670 3124 sesust,
693 3048 753 3131 poi
769 3045 888 3129 angla]

263 3148 414 3212 aseriato
438 3162 499 3225 est,
529 3170 606 3212 erse
629 3150 710 3232 neip
742 3158 888 3231 mugatu

262 3268 331 3330 nep
345 3251 432 3312 arsir
443 3250 648 3326 andersistu,
672 3271 774 3314 uersa
787 3269 887 3312 covr·

263 3360 344 3426 tust,
368 3350 464 3433 porsi
483 3352 590 3434 angla
606 3353 782 3416 anseriato
793 3350 797 3435 Ι
809 3353 885 3416 iust.

264 3472 327 3514 sve
356 3453 483 3515 muieto
511 3450 582 3515 fust
614 3465 671 3516 ote
701 3453 768 3536 pisi
800 3452 887 3517 arsir

227 3555 498 3629 sandersesust,
523 3553 799 3638 disleralinsust.{

306 3655 449 3721 Verfale
471 3656 556 3739 pufe
572 3657 738 3721 arsfertur
762 3659 888 3721 trebeit

265 3779 364 3822 ocrer
397 3757 573 3840 peihaner,
613 3780 690 3822 erse
722 3760 886 3836 stahmito

265 3880 325 3923 eso
348 3861 509 3922 tuderato
523 3870 590 3924 est:
614 3861 758 3943 angluto
778 3863 782 3942 Ι
801 3862 886 3925 hon·

267 3959 379 4035 domu,
414 3960 532 4042 porsei
562 3961 706 4025 nesimei
738 3983 800 4025 asa
830 3965 887 4026 de-

264 4061 343 4125 veia
366 4070 427 4136 est,
452 4061 613 4143 anglome
637 4082 745 4138 som0,
770 4064 887 4145 porsei

143 4200 145 4204 ·
214 4170 247 4220 10
264 4162 408 4224 nesimei
423 4182 592 4243 vapersus
614 4162 800 4227 aviehcleir
814 4166 887 4240 iest,

267 4263 343 4327 eine
355 4262 498 4345 angluto
511 4283 611 4326 sorno
624 4263 750 4346 vapefe
772 4265 887 4328 avieh·

265 4366 318 4428 clu
365 4367 529 4428 todcome
572 4367 692 4440 tuder,
742 4366 886 4447 angluto

982 1636 1068 1694 Istud
1081 1637 1261 1694 sacrificium
1277 1640 1383 1696 avibus
1396 1639 1566 1697 observatis
1586 1650 1629 1699 VI
1641 1651 1669 1699 A

941 1738 1028 1805 inito,
1051 1755 1141 1813 parra
1164 1739 1287 1795 cornico
1309 1757 1465 1814 prospera,
1496 1742 1565 1815 pico

940 1839 1010 1913 pica
1033 1840 1186 1912 legitumo
1220 1842 1270 1914 qui
1284 1839 1565 1898 oscines'observa·

940 1946 1005 1996 tum
1024 1938 1028 2012 Ι
1048 1939 1112 2008 ibit,
1137 1940 1180 1997 sic
1193 1941 1224 1996 in
1237 1940 1436 1998 tabernaculo
1451 1943 1565 1998 sedens

940 2040 1092 2096 flaminem
1124 2040 1227 2098 iubeto
1263 2040 1413 2115 stipulari:
1451 2035 1565 2098 ‘obser-

940 2159 1049 2198 vemne
1061 2159 1181 2215 parram
1198 2159 1386 2216 prosperam,
1411 2143 1566 2199 cornicem

940 2259 1128 2317 prosperam,
1139 2234 1143 2319 Ι
1154 2242 1255 2316 picum
1266 2243 1452 2317 legitumum‚
1467 2243 1566 2316 picam
1585 2258 1603 2308 3

940 2343 1124 2417 legitumam‚
1136 2344 1297 2417 legitumas
1310 2360 1391 2412 aves,
1404 2342 1565 2416 legitumas

939 2445 1061 2502 oscines
1070 2440 1217 2502 divinasi’
1233 2445 1344 2501 flamen
1354 2445 1397 2502 sic
1408 2444 1566 2519 instipula-

941 2540 1564 2623 toricasobservari:‘parramprosperam

940 2647 1093 2705 cornicem
1116 2664 1305 2722 prosperam,
1333 2649 1434 2722 picum
1456 2648 1565 2722 legitu-

939 2765 1029 2820 mum,
1060 2748 1159 2820 picam
1183 2748 1370 2822 legitumam‚
1405 2748 1566 2821 legitumas

940 2866 1022 2917 aves,
1034 2848 1193 2922 legitumos
1206 2846 1346 2918 ioscines
1355 2847 1473 2922 divinas
1483 2848 1565 2918 mihi,
1585 2864 1603 2913 5

939 2949 1005 3005 urbi
1028 2950 1184 3025 Iguvinae,
1212 2950 1282 3007 huic
1305 2950 1398 3007 statui
1432 2943 1566 3008 statuto?

940 3052 1016 3108 sede
1057 3068 1118 3126 qua
1161 3050 1277 3108 sederit
1319 3051 1369 3124 qui
1412 3043 1567 3127 oscines!

941 3152 1137 3211 observatum
1173 3152 1237 3221 ibit,
1283 3171 1321 3208 ea
1358 3170 1415 3210 nec
1442 3152 1564 3209 muttito

938 3271 997 3312 nec
1021 3254 1077 3312 alis
1110 3254 1294 3322 intersiditO,
1329 3254 1433 3311 donec
1463 3271 1566 3310 revor-

939 3356 1009 3414 terit
1027 3355 1080 3430 qui
1102 3356 1223 3413 oscines
1248 3356 1443 3412 observatum
1463 3356 1467 3426 Ι
1487 3355 1564 3414 ierit.

942 3459 967 3516 si
1012 3458 1167 3514 muttitum
1211 3457 1267 3513 erit
1310 3465 1363 3513 aut
1399 3457 1465 3531 quis
1510 3456 1565 3514 alis

940 3558 1145 3625 intersederit,
1168 3558 1291 3614 inritum
1313 3557 1429 3620 fecerit.
1450 3552 1454 3635 Ι
1585 3566 1604 3616 8

983 3659 1146 3732 Templum
1187 3658 1239 3714 ubi
1279 3658 1392 3715 flamen
1430 3669 1566 3716 versatur

940 3761 1019 3818 arcis
1048 3760 1192 3835 piandae,
1226 3760 1258 3815 id
1288 3760 1431 3816 stativum
1462 3760 1506 3817 sic
1532 3760 1565 3816 fi-

943 3861 1040 3918 nitum
1078 3869 1144 3917 est:
1183 3860 1221 3918 ab
1258 3860 1372 3934 angulo
1392 3854 1395 3936 Ι
1416 3861 1476 3916 imo
1513 3861 1564 3935 qui

942 3979 1088 4038 proxume
1122 3963 1160 4018 ab
1195 3980 1247 4018 ara
1269 3963 1408 4018 divorum
1433 3972 1489 4028 est,
1524 3963 1564 4018 ad

941 4064 1084 4138 angulum
1129 4081 1276 4120 summum
1320 4065 1370 4137 qui
1417 4079 1564 4138 proxume

941 4166 979 4223 ab
1008 4165 1089 4222 sellis
1123 4165 1316 4239 auguralibus
1343 4160 1352 4232 Ι
1375 4173 1431 4238 est,
1465 4175 1496 4221 et
1525 4165 1563 4221 ab
1586 4170 1622 4221 10

941 4267 1054 4342 angulo
1089 4284 1207 4323 summo
1238 4267 1280 4323 ad
1314 4266 1404 4323 sellas
1436 4284 1564 4340 augura·

940 4371 982 4427 les
1007 4370 1048 4427 ad
1082 4369 1219 4426 urbicum
1245 4369 1345 4443 finem,
1378 4368 1415 4425 ab
1450 4367 1564 4441 angulo

367 4652 439 4702 AES
477 4653 503 4702 V
524 4655 546 4701 B
569 4651 601 4704 15
621 4656 713 4718 primo
733 4657 865 4718 scriptum
885 4655 977 4702 murier
1054 4653 1094 4701 VI
1113 4651 1174 4702 A'i
1196 4651 1372 4716 andersesusp
