3742 5364
762 324 801 381 83
1197 325 1306 385 VIB47
1320 349 1358 375 =
1371 325 1431 385 1139

127 506 178 562 cui
201 506 298 564 Varro
332 525 402 564 eum
434 506 562 581 opponit
593 506 644 581 qui
677 506 884 564 intermittitur
917 515 971 564 aut
992 507 1146 565 interdurn
1168 508 1340 582 requiescit.
1386 511 1429 568 sic

127 609 203 665 stati
225 609 303 677 dies,
336 610 432 667 sicin
454 608 665 684 antiquissimo
689 609 788 666 Dveni
811 610 900 666 titulo
923 612 988 666 med
1005 611 1101 665 rtalod
1121 610 1153 665 id
1179 619 1226 667 est
1249 629 1297 667 me
1320 611 1431 686 sistito,

128 710 175 767 sic
199 728 319 786 semper
341 720 498 785 praestare
521 710 697 786 praestatio.
742 719 814 785 post
834 712 864 767 in
891 730 946 768 usu
969 711 1024 768 fuit
1045 712 1205 777 restituens,
1228 729 1265 768 ex
1282 731 1343 788 quo
1363 713 1429 769 bre·

127 811 196 868 vius
219 813 388 870 renascitur
412 811 559 870 Restulus.

231 913 364 988 denique
396 913 580 987 subiungere
614 912 700 970 lubet
733 914 814 968 saluo
842 913 947 980 serz'lu,
980 914 1088 969 saluom
1119 915 1280 971 servaveris
1314 913 1427 970 totiens

127 1014 229 1071 audiri
249 1012 447 1071 in'Italorum
465 1015 606 1088 precibus
630 1021 753 1087 tamque
776 1031 846 1070 esse
869 1014 961 1070 fixum
982 1022 1143 1088 ratumque
1164 1024 1276 1089 votum,
1302 1022 1335 1070 ut
1356 1013 1429 1071 mihi

126 1132 192 1170 non
214 1117 418 1189 persuadeam
450 1115 666 1189 imperatorem
699 1115 729 1169 in
764 1115 931 1170 devotione
964 1115 1061 1171 hostis
1088 1116 1305 1189 pronuntiasse
1334 1116 1429 1172 salvos

124 1216 222 1272 sr'rz'lis
244 1235 309 1284 esse,
333 1234 395 1291 quo
418 1217 513 1272 modo
535 1215 674 1272 scribitur
691 1216 774 1289 apud
792 1215 983 1272 Macrobium
1001 1224 1057 1274 sat.
1074 1215 1118 1271 ΙΙΙ
1133 1218 1162 1284 9,
1177 1218 1225 1284 11,
1247 1216 1428 1291 pracsertim

127 1337 200 1376 cum
230 1318 358 1374 siveritis
390 1326 422 1374 et
449 1318 548 1373 sz'neu's
587 1316 762 1390 apparuerit
793 1317 824 1372 in
856 1317 1025 1374 codicibus.
1071 1317 1296 1374 restituendum
1319 1315 1428 1389 opinor

123 1421 222 1477 salvos
251 1420 378 1482 servent.
413 1437 484 1476 nam
521 1420 606 1492 quod
640 1419 669 1474 si
694 1418 841 1492 sequitur,
869 1418 957 1474 facile
982 1437 1038 1474 esse
1060 1420 1160 1492 potuit
1184 1417 1368 1492 adglutinari
1392 1435 1429 1474 ex

124 1531 271 1597 utroque.
