3742 5364
692 350 749 410 121

80 538 139 596 bae
163 535 346 613 quaestione
369 535 444 592 illud
468 534 599 603 videtur,
634 535 729 591 latina
749 543 783 591 ut
805 553 874 592 cum
899 536 979 594 oscis
1003 546 1034 595 et
1067 537 1208 596 umbricis
1232 537 1381 599 vocabula

79 654 312 713 comparemus:
331 635 395 714 sar
416 637 522 710 ecquis
545 636 664 693 dubitat
688 636 761 710 quin
780 638 914 693 eandem
937 638 1031 694 tribus
1055 640 1174 713 populis
1197 659 1261 697 rem
1284 642 1376 716 sigui·

78 735 198 798 ficarit?
238 756 302 795 nou
325 746 412 794 extat
434 738 560 813 quidem
581 738 612 792 in
635 737 736 794 latinis
752 748 852 812 parer,
876 740 933 795 sed
949 740 1094 814 quoniam
1108 748 1209 813 pacem
1226 741 1374 809 novimus

78 842 157 900 illud
179 857 303 917 quoque
326 840 400 913 quid
422 839 461 894 sit
484 838 685 910 pervidemus,
732 855 826 912 saepe
855 839 948 895 verba
974 838 1074 896 latinis
1106 840 1285 897 dissimilem
1320 840 1380 897 for·

80 962 164 1000 mam
187 942 332 997 exhibent
355 940 537 1012 diverseque
561 937 641 993 flexa
663 939 709 994 vel
732 939 871 996 derivata
897 933 986 1007 sunt,
1008 958 1112 997 verum
1134 942 1230 998 modo
1252 942 1381 1016 vestigia

80 1045 165 1101 vocis
187 1043 290 1101 Latini
312 1041 469 1108 servarint,
504 1039 656 1096 sententia
679 1058 742 1097 non
765 1041 807 1096 ita
830 1040 959 1098 difficilis
982 1051 1028 1098 est
1052 1042 1222 1117 exploratu.
1267 1042 1377 1099 latino·

79 1161 157 1212 rum,
181 1143 315 1216 inquam,
337 1148 448 1214 regnet
471 1140 661 1214 comparatio
676 1139 847 1208 verborum,
869 1159 1050 1216 graecorum
1073 1143 1166 1199 nimio
1189 1143 1283 1199 rarius
1307 1160 1375 1216 pro·

80 1245 163 1310 dest,
186 1243 337 1300 rarissime
360 1243 453 1298 etiam
475 1242 596 1315 longius
620 1241 836 1298 arcessitorem
870 1243 908 1300 ab
937 1244 1153 1318 septentrionis
1176 1252 1229 1301 aut
1251 1245 1376 1300 orientis

79 1346 265 1413 nationibus,
282 1345 320 1401 ab
336 1344 421 1399 Indis
437 1344 487 1399 ubi
504 1343 647 1398 auxilium
662 1343 791 1416 petitum
803 1352 850 1400 est
866 1345 908 1401 ad
920 1345 1070 1402 vocabula
1085 1344 1281 1419 explananda
1297 1344 1379 1402 velut

71 1456 164 1520 pune,
188 1446 362 1504 erravimus
409 1444 538 1501 alterum
560 1452 760 1518 praeceptum
784 1453 850 1501 esto
870 1453 903 1501 ut
925 1447 1116 1503 continuatio
1139 1446 1297 1521 seriesque
1312 1464 1377 1502 ver-

79 1550 189 1605 borum
212 1556 244 1603 et
266 1546 492 1620 proloquiorum
510 1544 675 1619 diligenter
697 1546 887 1615 observetur,
910 1564 1016 1603 severe
1032 1565 1069 1603 ac
1093 1547 1221 1603 sollicite
1244 1549 1379 1605 excutia-

78 1661 138 1717 tur,
162 1659 195 1705 ut
218 1648 368 1723 quidquid
390 1647 421 1701 in
444 1663 569 1702 recessu
591 1646 737 1703 orationis
761 1647 942 1713 occultatur,
976 1649 1157 1723 penetrabili
1181 1648 1254 1705 lucis
1279 1649 1378 1723 splen·

78 1753 157 1807 dore
178 1760 295 1807 tactum
319 1749 467 1805 clarescat
491 1755 521 1803 et
537 1756 676 1821 emergat
691 1748 721 1804 in
737 1758 886 1822 apertum.
920 1751 1014 1806 multa
1030 1750 1089 1806 hoc
1103 1750 1199 1807 modo
1215 1767 1232 1804 e
1247 1749 1377 1806 latibulis

77 1869 211 1909 necesse
235 1860 282 1907 est
305 1849 440 1917 excitari,
465 1849 520 1904 sed
538 1865 683 1922 sagacem
700 1857 878 1906 venatorem
894 1850 994 1906 beluis
1017 1850 1139 1907 inimica
1156 1852 1240 1925 virgo
1263 1859 1378 1906 tutatur

78 1955 284 2027 vestigantem
307 1959 338 2008 et
360 1951 427 2024 ipsa
451 1949 512 2006 fors
535 1950 668 2006 adiuvat.
709 1966 770 2022 quo
786 1950 888 2023 plures
904 1949 1091 2008 feracissima
1109 1960 1377 2008 monumentorum

78 2055 169 2113 Italia
191 2055 221 2110 in
243 2055 341 2110 lucem
365 2054 477 2108 reddet
500 2051 628 2125 lapides,
653 2068 690 2106 eo
715 2050 844 2108 certiora
867 2051 1047 2109 babebimus
1066 2070 1145 2126 quae
1169 2053 1376 2109 coniectando

76 2163 199 2230 reperta
221 2155 350 2228 primum
370 2153 484 2209 lubrica
510 2161 563 2208 aut
586 2151 704 2209 fallacia
726 2153 922 2226 putabantur.
961 2153 1116 2208 Adz'ranus
1138 2154 1275 2209 eiliuvam
1292 2173 1376 2226 quam

79 2256 260 2329 Pompeianis
282 2261 443 2311 testamento
466 2255 552 2322 dedii,
577 2273 609 2308 ec
625 2256 758 2310 eitiuvad
771 2260 906 2327 quaestor
923 2252 1115 2327 Pompeianus
1130 2256 1237 2310 domum
1250 2254 1376 2333 faciun-

78 2359 145 2413 dam
168 2358 305 2414 curanti:
342 2357 416 2431 quid
439 2339 523 2411 aliud
547 2356 647 2429 potuit
670 2356 777 2411 eilr'zrua
800 2354 861 2411 dici
883 2373 975 2430 quarn
1005 2352 1158 2430 pecunia?
1191 2374 1293 2431 neque
1315 2358 1375 2413 iam

76 2458 239 2535 quisquam
264 2458 395 2525 dubitat,
418 2475 532 2513 nomen
556 2456 638 2512 idem
661 2458 690 2512 in
719 2473 789 2511 aere
813 2455 946 2512 Bantino
970 2455 1097 2531 aliisque
1119 2458 1211 2514 titulis
1236 2466 1373 2532 apparet,

75 2560 154 2616 ratio
179 2559 331 2617 convenit.
374 2558 490 2613 hundrez
514 2565 544 2613 et
566 2557 703 2613 tunvruz‘s
726 2557 798 2632 quid
821 2558 952 2625 valeant,
986 2558 1189 2615 conclusimus
1213 2576 1250 2614 ex
1274 2577 1370 2633 oppo-

76 2663 142 2718 sitis
164 2661 255 2717 subra
278 2669 309 2716 et
330 2660 456 2732 saprum.
497 2677 566 2715 curn
590 2676 645 2732 pro
661 2660 804 2735 gentibus
821 2659 988 2716 foederatis
1005 2676 1056 2715 sus
1073 2668 1104 2715 et
1127 2677 1219 2735 caper
1234 2658 1371 2717 macten-

76 2771 136 2835 tur,
160 2762 321 2818 visceratio
345 2777 423 2835 quae
446 2760 590 2834 gentibus
614 2762 706 2817 datur
720 2762 855 2834 pelmner
868 2778 965 2816 sorser
980 2769 1012 2816 et
1030 2759 1168 2817 cabriner
1184 2780 1247 2818 non
1269 2771 1374 2836 potest

77 2881 142 2919 non
165 2881 233 2920 esse
258 2863 335 2919 suilli
358 2861 505 2935 pulmenti
529 2869 559 2917 et
584 2862 708 2936 caprini.
746 2863 835 2917 tertio
857 2861 927 2917 loco
949 2879 1032 2936 pono
1054 2861 1247 2918 formularum
1270 2880 1306 2919 ac
1330 2863 1373 2919 lo-

76 2965 233 3020 cutionum
256 2964 518 3037 comparationem
534 2962 644 3036 quibus
660 2962 777 3019 finitimi
798 2962 902 3038 populi
914 2964 961 3020 usi
978 2971 1058 3031 sunt,
1078 2963 1211 3037 inprimis
1227 2980 1372 3021 romanus

76 3075 108 3121 et
130 3074 238 3122 natura
262 3073 295 3121 et
317 3064 443 3139 regione
466 3064 622 3137 proximus
645 3064 790 3138 idemque
820 3064 938 3138 imperii
967 3082 1004 3120 ac
1028 3079 1126 3120 rerum
1149 3065 1283 3121 omnium
1306 3083 1374 3122 suc·

76 3186 182 3224 cessor
204 3175 235 3224 et
259 3166 356 3223 heres.
401 3166 523 3221 mamzer
546 3167 662 3221 corneis
682 3167 804 3221 renateis
825 3167 974 3239 tangzbud
1004 3173 1248 3222 consentaneum
1272 3175 1375 3224 estre

75 3271 142 3343 ipsa
165 3285 334 3342 congruere
357 3286 424 3323 cum
448 3268 568 3322 azazort's
584 3268 687 3339 partis
707 3267 802 3323 senati
823 3268 978 3334 sententia,
1014 3267 1084 3324 licet
1111 3283 1181 3341 pars
1215 3269 1374 3325 verborum

77 3371 199 3427 differat
223 3379 255 3426 et
277 3370 462 3426 adiectivum
486 3369 516 3424 in
540 3368 598 3423 alio
622 3369 720 3442 gradu
739 3367 813 3426 Osci
829 3369 1029 3435 conlocarint,
1053 3369 1083 3424 in
1105 3368 1164 3424 alio
1186 3369 1296 3427 Latini.
1330 3376 1375 3425 ta·

77 3471 188 3526 dadin
211 3470 265 3526 illis
282 3471 344 3543 pud
360 3470 520 3526 palaemone
545 3469 676 3526 leudicam
698 3470 793 3524 ladait
814 3486 892 3524 ecum
922 3469 1113 3542 etymologus
1141 3469 1241 3525 nullus
1269 3471 1311 3526 ad
1339 3470 1372 3525 li·

76 3573 203 3646 quidum
225 3571 426 3645 exploraverit
450 3570 655 3643 originatione
678 3570 851 3636 manifesta,
875 3569 997 3644 vidique
1021 3570 1072 3643 qui
1095 3587 1237 3643 perversa
1260 3570 1372 3626 distor-

75 3682 205 3749 querent
221 3673 384 3740 sententia,
408 3688 593 3746 quamquam
609 3672 813 3728 certissimum
829 3680 876 3727 est
893 3672 976 3726 idem
992 3669 1153 3744 significari
1176 3671 1262 3745 quod
1279 3670 1373 3727 latine

75 3780 188 3831 τινικαὶ
207 3773 267 3829 hoc
290 3782 485 3847 argumente,
510 3774 595 3846 quod
618 3774 648 3829 in
672 3773 806 3830 romanis
834 3772 953 3846 legibus
976 3771 1025 3828 illa
1048 3771 1179 3828 formula
1201 3772 1373 3828 identidem

76 3878 118 3932 sic
142 3875 356 3950 pronuntiatur
378 3875 464 3947 quod
484 3892 523 3929 ex
545 3874 717 3947 republica
740 3877 851 3929 censeat
872 3891 935 3931 esse.
971 3872 1104 3946 denique
1128 3874 1260 3930 accedat
1283 3891 1374 3931 accu-

75 3985 141 4033 rata
165 3975 354 4049 antiquitatis
377 3975 563 4041 observati0,
588 3975 759 4031 insinuetur
781 3973 900 4029 animus
922 3973 951 4029 in
974 3990 1075 4029 mores
1098 3974 1301 4048 institutaque
1324 3993 1375 4030 ve·

74 4088 172 4134 terum
195 4077 363 4148 nationum,
390 4075 588 4133 conferantur
610 4076 689 4132 tituli
718 4093 787 4132 cum
810 4075 882 4149 ipsis
906 4076 1048 4148 adquae
1071 4075 1245 4148 pertinuere
1267 4077 1373 4132 aedifi·

75 4181 129 4237 ciis
154 4187 185 4235 et
206 4179 290 4246 locis,
313 4197 382 4234 cum
405 4178 552 4234 similibus
576 4187 607 4233 et
631 4177 809 4235 Latinorum
829 4177 1036 4233 monumentis
1060 4184 1090 4232 et
1108 4176 1297 4234 Graecorum
1321 4180 1373 4252 qui
1455 4160 1457 4165 s

74 4282 145 4338 olim
169 4280 283 4336 litteras
300 4279 393 4344 Italis,
419 4288 482 4336 turn
498 4280 657 4336 lautiorem
674 4278 786 4336 cultum
807 4278 978 4352 artiumque
998 4278 1101 4334 studia
1117 4279 1279 4345 dederunt,
1304 4297 1372 4335 cum

74 4381 235 4440 annalibus
269 4388 300 4437 et
332 4381 413 4438 libris
448 4381 556 4438 similia
579 4388 759 4453 argumenta
781 4380 972 4435 narrantibus
996 4388 1028 4436 et
1049 4379 1306 4445 describentibus
1338 4390 1372 4436 ut

75 4484 151 4558 quid
174 4483 343 4557 oportuerit
365 4482 427 4538 lieri
451 4491 481 4539 et
495 4482 656 4548 enuntiari,
680 4481 754 4565 quid
769 4498 823 4537 eos
840 4481 891 4555 qui
911 4488 1111 4537 monumenta
1135 4479 1238 4537 fecere
1260 4480 1371 4555 proba·

75 4585 137 4641 bilo
161 4586 199 4641 sit
221 4602 408 4654 memorasse
425 4594 455 4642 et
471 4584 713 4659 praescripsisse,
738 4584 783 4639 vel
801 4592 935 4640 statuere
956 4601 993 4640 ac
1008 4585 1177 4641 decernere
1202 4584 1301 4659 possis
1319 4583 1374 4638 tibi

72 4685 172 4742 fidens
195 4695 227 4742 et
248 4687 466 4759 antegrediens
490 4703 601 4759 agmen
625 4686 790 4759 aliquando
814 4686 1020 4742 insecuturum
1044 4687 1089 4742 vel
1121 4683 1262 4744 divinare
1285 4699 1373 4754 prae-

1190 4785 1231 4836 gs
