3742 5364
227 348 276 404 VB
288 351 327 407 10
431 404 435 416 ‚
857 349 896 405 38

227 549 292 590 nus
309 529 394 603 duir,
418 530 496 611 puri
518 529 769 600 fareiscurent‚
792 538 851 590 ote
903 534 1025 589 duobus
1062 534 1113 607 qui
1155 533 1199 589 lar
1235 532 1431 590 arcessierint
1474 539 1531 588 aut

229 651 258 693 a.
271 630 330 692 VI.
408 628 582 711 Clavernil
604 631 740 692 dirsans
762 629 852 692 herti
866 659 888 698 11
904 653 930 694 a.
955 634 1006 693 Vl.
1094 634 1260 691 Claverniis
1281 640 1285 703 ι
1305 635 1381 691 dent
1404 641 1531 708 oportet

228 730 336 794 frater
358 730 534 794 Atiersiur
568 729 763 792 sehmenier
791 731 849 791 de·
902 734 1009 792 fratres
1053 735 1168 792 Atiedii
1213 737 1431 792 semenstribus
1473 736 1530 790 de·

229 831 344 912 qurier
376 829 379 912 l
412 832 569 920 pelmner
606 850 722 893 sorser
758 831 851 911 posti
903 836 992 892 curiis
1018 829 1022 912 Ι
1047 837 1197 917 pulmenti
1234 836 1312 892 suilli
1347 836 1379 892 in
1415 837 1531 910 agonia

229 1036 325 1093 lorum
347 1055 437 1112 quam
460 1044 640 1111 apparatum
663 1026 761 1093 cenae
791 1037 822 1092 in
845 1037 902 1093 hac
924 1038 1043 1093 ratione
1067 1038 1137 1093 duci
1171 1044 1319 1111 tantoque
1342 1044 1423 1094 stare
1447 1037 1530 1094 scias

229 1136 318 1193 valde
342 1155 419 1195 care.
464 1155 534 1194 nam
559 1138 673 1213 Polybii
701 1137 824 1211 quidem
858 1146 998 1212 tempere
1031 1139 1279 1213 peregrinantem
1305 1139 1336 1194 in
1358 1138 1444 1196 ltalia
1472 1139 1531 1195 de·

229 1239 390 1296 versitores
411 1242 454 1296 ita
477 1241 619 1314 excipere
642 1240 775 1314 hospitio
800 1238 950 1305 solebant,
984 1247 1016 1295 ut
1049 1241 1177 1297 semisse
1211 1259 1272 1296 uno
1295 1240 1398 1296 omnia
1422 1240 1450 1295 ei
1474 1258 1531 1295 ne·

230 1341 361 1396 cessaria
385 1341 505 1407 darent,
536 1349 570 1397 et
591 1359 645 1397 sex
669 1342 786 1397 assibus
809 1358 902 1414 saepe
926 1340 1016 1396 tritici
1042 1341 1137 1396 modii
1160 1349 1303 1414 quattuor
1331 1340 1423 1396 semis
1446 1341 1532 1396 veni·

229 1443 304 1498 bant
333 1437 414 1516 (hist.
437 1441 465 1496 ll
490 1435 552 1519 15).
598 1451 668 1517 post
692 1442 861 1515 Augustum
895 1441 925 1496 in
950 1441 1119 1497 Aesernino
1145 1441 1232 1497 titulo
1255 1436 1409 1516 (Henzen.
1434 1444 1531 1513 7306)

229 1560 309 1616 cepo
344 1560 412 1598 cum
444 1544 576 1600 mulione
606 1552 787 1618 computans
822 1561 934 1618 panem
968 1552 999 1600 et
1021 1545 1254 1617 pulmentarium
1288 1544 1391 1600 idest
1419 1563 1531 1603 cenam

230 1643 348 1699 assibus
371 1643 464 1700 tribus
489 1652 582 1716 taxat,
609 1645 639 1700 in
662 1647 735 1702 urbe
759 1645 838 1702 male
863 1663 974 1701 cenare
995 1645 1138 1701 clientem
1152 1645 1301 1702 Martialis
1317 1646 1360 1702 IV
1373 1649 1412 1706 68
1435 1648 1531 1704 iactat

229 1743 387 1800 invitatum
409 1745 529 1802 assibus
552 1746 657 1819 viginti
680 1746 822 1821 quinque.

195 1825 196 1829 ἵ
240 1893 243 1900 .
331 1863 419 1902 versu
432 1849 468 1904 11
492 1846 648 1916 selernem'er
664 1849 810 1921 dequrz'er.
843 1847 1184 1904 senzenstrztusdecuriis
1200 1867 1289 1922 quam
1313 1850 1414 1923 recepi
1437 1850 1532 1905 inter·

228 1946 360 2019 pretatio
383 1948 498 2022 optime
521 1966 554 2004 se
579 1948 680 2020 habet,
711 1950 774 2006 sive
796 1950 1029 2024 grammaticam
1052 1959 1227 2023 spectamus
1250 1951 1313 2006 sive
1338 1951 1530 2024 religionem,

230 2047 311 2104 velut
333 2049 426 2105 etiam
450 2050 561 2107 Graeci
583 2051 805 2126 amphictiones
829 2053 916 2125 Pylas
940 2051 1165 2107 conveniebant
1194 2053 1239 2108 bis
1270 2052 1300 2108 in
1322 2069 1413 2109 anno,
1459 2069 1531 2107 nam

231 2158 395 2206 semestres
429 2151 530 2208 solent
563 2170 632 2209 esse
667 2148 875 2226 ἑξαμηνιαῑαι,
908 2152 1059 2208 rarissime
1095 2159 1165 2208 sunt
1192 2132 1397 2224 itptpnvtotiut.
1441 2151 1531 2225 perti·

231 2258 305 2306 nent
328 2259 429 2307 autem
460 2252 537 2309 haec
567 2254 608 2308 ad
642 2271 760 2309 sacrum
783 2254 866 2326 quod
899 2251 1002 2310 tabula
1024 2251 1101 2308 ΠΒ
1136 2261 1292 2308 enarratur
1326 2252 1439 2310 factum
1474 2263 1531 2327 pro
1596 2250 1598 2256 ’

231 2353 372 2424 gentibus
396 2353 572 2420 foederatis
605 2354 684 2410 inter
705 2372 781 2428 quas
805 2353 966 2410 Clavernia
998 2354 1141 2428 bipertita
1176 2362 1208 2409 et
1231 2352 1348 2410 Casilas
1378 2354 1530 2428 tripertita

233 2450 328 2522 fuere,
352 2473 451 2530 eaque
473 2456 603 2530 partium
625 2456 827 2530 inaequalitas
850 2457 942 2513 etiam
965 2474 1158 2513 numerorum
1182 2457 1213 2512 in
1235 2455 1293 2512 hac
1316 2456 1459 2530 pactione
1484 2456 1532 2510 di·

233 2556 408 2613 versitatem
429 2557 540 2613 effecit.
584 2574 687 2613 verum
711 2557 785 2613 satis
807 2556 928 2613 difficile
952 2565 999 2613 ost
1027 2557 1271 2630 interpretationi
1301 2556 1343 2613 illi
1366 2557 1532 2613 conciliare

199 2654 201 2658 ⁸
232 2657 317 2730 quod
339 2659 400 2716 tab.
421 2658 435 2714 I
457 2658 480 2713 Β
506 2659 545 2716 42
568 2667 653 2715 extat
674 2658 834 2714 schmenr'ar
865 2660 904 2715 ab
927 2659 1038 2715 eadem
1066 2657 1210 2713 selamin
1233 2658 1412 2727 derivatum,
1445 2659 1533 2731 quod

232 2758 283 2831 qui
306 2759 404 2832 pessit
420 2759 556 2826 enodari,
581 2777 636 2815 suo
659 2759 728 2816 loco
745 2760 871 2834 dicetur,
895 2777 976 2815 nunc
989 2759 1112 2815 obstare
1128 2776 1195 2814 eam
1213 2759 1392 2833 scripturam
1417 2777 1531 2816 moneo

232 2876 292 2933 quo
315 2842 414 2916 minus
437 2857 624 2935 διχομηνίαν
646 2861 842 2937 accipiamus.
875 2879 947 2916 nam
970 2860 988 2916 h
1010 2859 1070 2915 inl
1093 2866 1124 2915 et
1147 2858 1211 2915 11ss
1235 2858 1414 2933 plerumque
1437 2861 1532 2934 etymi

233 2979 326 3018 causa
341 2962 480 3020 scribitur
495 2956 635 3037 (erubunt
648 2980 703 3037 pro
720 2961 846 3034 erafont,
865 2961 997 3017 slahcren
1020 2978 1074 3034 pro
1089 2962 1184 3026 esaie,
1208 2960 1337 3016 obstarem
1351 2978 1407 3036 pro
1421 2960 1532 3036 allam),

232 3079 296 3120 non
307 3064 407 3120 otiose
422 3065 590 3121 adstruitur
605 3063 703 3120 vocali
717 3063 829 3137 longae
853 3062 961 3132 (semel
978 3061 1137 3135 nuptialia,
1161 3079 1328 3135 numquam
1336 3059 1531 3135 persnz‘hmu).

332 3172 418 3221 versu
445 3168 482 3223 12
498 3167 641 3239 pelmner,
665 3164 749 3238 quod
771 3172 802 3220 et
826 3164 922 3220 forma
944 3181 1000 3220 sua
1023 3171 1054 3219 et
1076 3163 1144 3218 loco
1168 3180 1282 3218 nornen
1301 3181 1369 3219 esse
1392 3163 1531 3237 appella-

232 3265 326 3322 tivum
349 3267 506 3340 probatur,
529 3285 547 3322 a
563 3267 711 3339 pulmento
733 3283 796 3321 non
811 3265 933 3340 longius
946 3265 1039 3320 distat
1055 3282 1146 3337 quam
1169 3264 1307 3337 tegminis
1329 3283 1347 3320 a
1362 3270 1532 3338 legumento,

233 3375 396 3440 errantque
419 3368 470 3440 qui
491 3367 683 3441 pulmentum
707 3384 777 3422 curn
799 3366 884 3441 pulte
907 3365 1100 3422 confundunt
1124 3365 1262 3421 homines
1285 3383 1344 3421 nec
1360 3365 1450 3438 pauci
1473 3384 1534 3423 nec

232 3467 400 3533 inlitterati,
434 3469 579 3542 quoniam
600 3476 724 3542 praeter
748 3468 865 3542 pultem
888 3485 924 3524 ac
948 3485 1060 3541 panem
1082 3466 1168 3540 quod
1191 3466 1361 3522 essitabant
1394 3466 1532 3539 pulmen-

233 3577 297 3625 tum
312 3569 489 3638 vocabatur,
512 3569 641 3644 primum
655 3569 759 3625 holera
783 3571 963 3626 arborumve
980 3568 1104 3635 fructus,
1128 3566 1245 3623 deinde
1268 3567 1399 3622 maxime
1423 3585 1533 3625 carnes

232 3670 416 3728 animalium.
461 3671 542 3727 velut
565 3669 686 3727 Caelius
710 3671 891 3727 Aurelianus
922 3670 1005 3744 quod
1028 3668 1135 3725 dolore
1159 3668 1268 3742 capitis
1300 3668 1533 3743 aegrotantibus
1601 3699 1603 3703 ·

233 3772 298 3830 dari
322 3773 385 3829 volt
405 3773 604 3847 pulmentum,
627 3774 720 3831 modo
743 3775 884 3831 betarum
896 3774 1041 3830 olivarum
1064 3789 1191 3828 ovorum
1202 3778 1260 3838 est,
1284 3772 1378 3827 modo
1401 3771 1533 3844 piscium

233 3874 391 3930 turdorum
414 3893 553 3948 capreae,
577 3877 672 3933 modo
696 3875 795 3932 carnis
818 3875 964 3948 porcinae
987 3873 1035 3930 vel
1058 3880 1090 3929 ut
1112 3862 1243 3929 breviter
1266 3872 1341 3928 dicit
1362 3872 1531 3945 porcinum.

233 3978 264 4034 in
286 3978 381 4034 latina
404 3976 544 4032 versione
568 3977 659 4050 siquis
683 3993 775 4050 aegre
799 3975 856 4032 fert
879 3993 985 4032 carnes
1014 3992 1122 4050 parum
1145 3981 1231 4030 certo
1254 3991 1290 4030 ac
1314 3971 1441 4028 definito
1476 3989 1533 4028 no·

233 4078 314 4136 mine
337 4078 444 4145 notari,
468 4077 633 4135 substituat
656 4077 727 4134 licet
748 4077 872 4153 pulpam
894 4077 941 4133 vel
964 4077 1194 4151 pulpamentum
1217 4074 1303 4148 quod
1325 4074 1425 4147 ipsum
1447 4073 1532 4129 idem

233 4198 270 4237 ac
306 4180 495 4254 pulmentum
519 4196 588 4235 esse
613 4179 768 4236 Bentleius
802 4178 833 4233 in
855 4176 981 4233 Terenti
1004 4176 1154 4233 Eunucho
1178 4175 1223 4230 lii
1249 4178 1277 4241 1,
1302 4176 1341 4233 36
1370 4174 1532 4231 arbitratus

234 4290 291 4340 est.
335 4281 460 4336 verbum
482 4279 601 4336 Vmbris
625 4279 681 4336 fuit
710 4298 773 4335 non
795 4277 924 4335 absimili
957 4278 1060 4352 specie
1077 4278 1212 4351 pelsalu:
1247 4276 1331 4349 porci
1354 4275 1533 4332 succidanei

234 4384 266 4439 in
287 4383 370 4440 fossa
392 4382 484 4456 positi
506 4382 664 4456 pelsantur
688 4381 730 4436 ad
751 4389 922 4436 extremum
944 4380 1005 4437 tab.
1030 4378 1073 4434 VI
1095 4379 1118 4434 Β
1143 4380 1197 4453 4Ο;
1231 4377 1398 4452 catulinum
1421 4375 1534 4432 sacrifi·

234 4484 314 4541 cium
325 4491 489 4559 postquam
502 4490 600 4539 totum
619 4490 777 4557 peractum
795 4490 851 4548 est,
875 4489 1009 4538 mactata
1024 4479 1125 4536 hostia
1140 4479 1353 4553 prosiciaeque
1366 4483 1533 4545 crematae,

234 4592 423 4660 postremum
445 4584 611 4657 pelsandus
635 4581 698 4638 fieri
720 4583 761 4639 ad
783 4599 866 4639 aram
890 4581 1008 4639 catulus
1030 4581 1152 4637 iubetur
1166 4579 1194 4635 H
1211 4580 1301 4648 A43;
1327 4597 1401 4636 oves
1425 4579 1533 4654 quibus

234 4686 266 4742 in
288 4684 365 4742 arcis
387 4685 566 4742 lustratione
588 4693 660 4761 post
674 4693 794 4760 portam
818 4684 939 4744 tertiam
951 4689 1094 4760 operatur
1109 4683 1255 4740 sacerdos
1272 4681 1345 4739 iacit
1365 4679 1533 4756 pelsandas
