<?xml version="1.0" encoding="UTF-8"?>
<!DOCTYPE html PUBLIC "-//W3C//DTD XHTML 1.0 Transitional//EN"
    "http://www.w3.org/TR/xhtml1/DTD/xhtml1-transitional.dtd">
<html xmlns="http://www.w3.org/1999/xhtml" xml:lang="en" lang="en">
 <head>
  <title>
</title>
<meta http-equiv="Content-Type" content="text/html;charset=utf-8" />
  <meta name='ocr-system' content='tesseract 3.04.00' />
  <meta name='ocr-capabilities' content='ocr_page ocr_carea ocr_par ocr_line ocrx_word'/>
</head>
<body>
  <div class='ocr_page' id='page_1' title='image "./vmbricainterpre00buecgoog_0108.png"; bbox 0 0 3742 5364; ppageno 0'>
   <div class='ocr_carea' id='block_1_1' title="bbox 229 342 909 401">
    <p class='ocr_par' dir='ltr' id='par_1_1' title="bbox 229 342 909 401">
     <span class='ocr_line' id='line_1_1' title="bbox 229 342 909 401; baseline -0.003 -4"><span class='ocrx_word' id='word_1_1' title='bbox 229 342 340 401; x_wconf 80' lang='lat' dir='ltr'>v1a59</span> <span class='ocrx_word' id='word_1_2' title='bbox 850 342 909 398; x_wconf 80' lang='lat'>100</span> 
     </span>
    </p>
   </div>
   <div class='ocr_carea' id='block_1_2' title="bbox 228 520 1541 598">
    <p class='ocr_par' dir='ltr' id='par_1_2' title="bbox 228 520 1541 598">
     <span class='ocr_line' id='line_1_2' title="bbox 228 520 1541 598; baseline -0.001 -16"><span class='ocrx_word' id='word_1_3' title='bbox 228 521 321 583; x_wconf 89' lang='lat' dir='ltr'>iovie</span> <span class='ocrx_word' id='word_1_4' title='bbox 341 523 482 583; x_wconf 89' lang='lat' dir='ltr'>hostatu</span> <span class='ocrx_word' id='word_1_5' title='bbox 497 522 707 594; x_wconf 79' lang='lat' dir='ltr'>lanhostatu</span> <span class='ocrx_word' id='word_1_6' title='bbox 729 520 853 581; x_wconf 90' lang='lat' dir='ltr'>tursitu</span> <span class='ocrx_word' id='word_1_7' title='bbox 866 544 891 582; x_wconf 82' lang='lat' dir='ltr'>ro</span> <span class='ocrx_word' id='word_1_8' title='bbox 907 524 973 579; x_wconf 88' lang='lat' dir='ltr'>lites</span> <span class='ocrx_word' id='word_1_9' title='bbox 1000 520 1160 591; x_wconf 78' lang='lat' dir='ltr'>hastatosl</span> <span class='ocrx_word' id='word_1_10' title='bbox 1181 523 1352 581; x_wconf 88' lang='lat' dir='ltr'>inhastatos</span> <span class='ocrx_word' id='word_1_11' title='bbox 1376 525 1541 598; x_wconf 91' lang='lat' dir='ltr'>completo</span> 
     </span>
    </p>
   </div>
   <div class='ocr_carea' id='block_1_3' title="bbox 230 721 1604 4531">
    <p class='ocr_par' dir='ltr' id='par_1_3' title="bbox 230 721 1604 3304">
     <span class='ocr_line' id='line_1_3' title="bbox 230 721 1540 801; baseline -0.001 -15"><span class='ocrx_word' id='word_1_12' title='bbox 230 724 305 799; x_wconf 86' lang='grc' dir='ltr'>ζοὺς</span> <span class='ocrx_word' id='word_1_13' title='bbox 329 723 363 786; x_wconf 81' lang='grc' dir='ltr'>ἐν</span> <span class='ocrx_word' id='word_1_14' title='bbox 385 722 527 801; x_wconf 85' lang='grc' dir='ltr'>φάλαγγι</span> <span class='ocrx_word' id='word_1_15' title='bbox 550 724 601 786; x_wconf 86' lang='grc' dir='ltr'>καὶ</span> <span class='ocrx_word' id='word_1_16' title='bbox 623 723 700 799; x_wconf 90' lang='grc' dir='ltr'>τοὺς</span> <span class='ocrx_word' id='word_1_17' title='bbox 731 723 951 799; x_wconf 76' lang='grc' dir='ltr'>ἐσταλμένους</span> <span class='ocrx_word' id='word_1_18' title='bbox 981 723 1038 785; x_wconf 89' lang='grc' dir='ltr'>τὸν</span> <span class='ocrx_word' id='word_1_19' title='bbox 1066 722 1193 799; x_wconf 92' lang='grc' dir='ltr'>ψιλικὸν</span> <span class='ocrx_word' id='word_1_20' title='bbox 1216 721 1377 799; x_wconf 87' lang='grc' dir='ltr'>ὁπλισμὸν</span> <span class='ocrx_word' id='word_1_21' title='bbox 1402 721 1440 785; x_wconf 89' lang='grc' dir='ltr'>ἐν</span> <span class='ocrx_word' id='word_1_22' title='bbox 1464 724 1540 799; x_wconf 81' lang='grc' dir='ltr'>τοῖς</span> 
     </span>
     <span class='ocr_line' id='line_1_4' title="bbox 231 824 1540 902; baseline -0.002 -16"><span class='ocrx_word' id='word_1_23' title='bbox 231 824 322 901; x_wconf 82' lang='grc' dir='ltr'>ἰδίοις</span> <span class='ocrx_word' id='word_1_24' title='bbox 345 824 503 900; x_wconf 85' lang='grc' dir='ltr'>ἑκάστους</span> <span class='ocrx_word' id='word_1_25' title='bbox 525 824 644 901; x_wconf 83' lang='grc' dir='ltr'>λόχοις,</span> <span class='ocrx_word' id='word_1_26' title='bbox 681 827 772 882; x_wconf 81' lang='lat' dir='ltr'>ee&#39;tzz‘tu</span> <span class='ocrx_word' id='word_1_27' title='bbox 794 836 826 882; x_wconf 90' lang='lat' dir='ltr'>ut</span> <span class='ocrx_word' id='word_1_28' title='bbox 850 836 988 902; x_wconf 89' lang='lat' dir='ltr'>aptarem</span> <span class='ocrx_word' id='word_1_29' title='bbox 1011 829 1174 901; x_wconf 89' lang='lat' dir='ltr'>equitibus,</span> <span class='ocrx_word' id='word_1_30' title='bbox 1209 828 1290 883; x_wconf 90' lang='lat' dir='ltr'>idem</span> <span class='ocrx_word' id='word_1_31' title='bbox 1322 843 1392 882; x_wconf 92' lang='lat' dir='ltr'>esse</span> <span class='ocrx_word' id='word_1_32' title='bbox 1414 827 1540 901; x_wconf 91' lang='lat' dir='ltr'>sumpsi</span> 
     </span>
     <span class='ocr_line' id='line_1_5' title="bbox 230 925 1539 1000; baseline -0.001 -17"><span class='ocrx_word' id='word_1_33' title='bbox 230 946 267 984; x_wconf 88' lang='lat' dir='ltr'>ac</span> <span class='ocrx_word' id='word_1_34' title='bbox 291 929 342 986; x_wconf 89' lang='lat' dir='ltr'>lat.</span> <span class='ocrx_word' id='word_1_35' title='bbox 365 929 442 994; x_wconf 78' lang='lat' dir='ltr'>crtus,</span> <span class='ocrx_word' id='word_1_36' title='bbox 476 928 506 983; x_wconf 90' lang='lat' dir='ltr'>in</span> <span class='ocrx_word' id='word_1_37' title='bbox 530 929 664 984; x_wconf 86' lang='lat' dir='ltr'>carmine</span> <span class='ocrx_word' id='word_1_38' title='bbox 688 944 750 983; x_wconf 89' lang='lat' dir='ltr'>non</span> <span class='ocrx_word' id='word_1_39' title='bbox 772 927 869 983; x_wconf 90' lang='lat' dir='ltr'>minus</span> <span class='ocrx_word' id='word_1_40' title='bbox 892 928 1043 1000; x_wconf 89' lang='lat' dir='ltr'>producta</span> <span class='ocrx_word' id='word_1_41' title='bbox 1066 927 1180 1000; x_wconf 78' lang='lat' dir='ltr'>syllaba</span> <span class='ocrx_word' id='word_1_42' title='bbox 1211 925 1333 983; x_wconf 82' lang='lat' dir='ltr'>effertu&#39;r</span> <span class='ocrx_word' id='word_1_43' title='bbox 1366 928 1466 983; x_wconf 81' lang='lat' dir='ltr'>excita</span> <span class='ocrx_word' id='word_1_44' title='bbox 1489 927 1539 982; x_wconf 84' lang='lat' dir='ltr'>iu·</span> 
     </span>
     <span class='ocr_line' id='line_1_6' title="bbox 231 1027 1604 1103; baseline -0.004 -18"><span class='ocrx_word' id='word_1_45' title='bbox 231 1038 330 1085; x_wconf 84' lang='lat' dir='ltr'>uentus</span> <span class='ocrx_word' id='word_1_46' title='bbox 352 1047 441 1103; x_wconf 91' lang='lat' dir='ltr'>quam</span> <span class='ocrx_word' id='word_1_47' title='bbox 465 1034 607 1102; x_wconf 85' lang='lat' dir='ltr'>correpta</span> <span class='ocrx_word' id='word_1_48' title='bbox 630 1029 725 1083; x_wconf 69' lang='lat' dir='ltr'>tacete</span> <span class='ocrx_word' id='word_1_49' title='bbox 746 1029 848 1092; x_wconf 72' lang='lat' dir='ltr'>secret,</span> <span class='ocrx_word' id='word_1_50' title='bbox 882 1028 970 1083; x_wconf 88' lang='lat' dir='ltr'>valde</span> <span class='ocrx_word' id='word_1_51' title='bbox 994 1029 1139 1084; x_wconf 90' lang='lat' dir='ltr'>usitatum</span> <span class='ocrx_word' id='word_1_52' title='bbox 1173 1027 1232 1084; x_wconf 93' lang='lat' dir='ltr'>hoc</span> <span class='ocrx_word' id='word_1_53' title='bbox 1265 1029 1295 1083; x_wconf 89' lang='lat' dir='ltr'>in</span> <span class='ocrx_word' id='word_1_54' title='bbox 1329 1047 1361 1084; x_wconf 95' lang='lat' dir='ltr'>re</span> <span class='ocrx_word' id='word_1_55' title='bbox 1394 1029 1539 1101; x_wconf 83' lang='lat' dir='ltr'><strong>equestri</strong></span> <span class='ocrx_word' id='word_1_56' title='bbox 1601 1077 1604 1080; x_wconf 76' lang='grc'>,</span> 
     </span>
     <span class='ocr_line' id='line_1_7' title="bbox 232 1129 1540 1202; baseline 0.001 -18"><span class='ocrx_word' id='word_1_57' title='bbox 232 1130 357 1186; x_wconf 91' lang='lat' dir='ltr'>verbum</span> <span class='ocrx_word' id='word_1_58' title='bbox 380 1131 455 1184; x_wconf 81' lang='lat' dir='ltr'><em>cedit</em></span> <span class='ocrx_word' id='word_1_59' title='bbox 475 1131 532 1184; x_wconf 80' lang='lat' dir='ltr'>ee&#39;tu</span> <span class='ocrx_word' id='word_1_60' title='bbox 556 1131 631 1184; x_wconf 82' lang='lat' dir='ltr'>celsa</span> <span class='ocrx_word' id='word_1_61' title='bbox 656 1129 781 1193; x_wconf 82' lang='lat' dir='ltr'>tolutim,</span> <span class='ocrx_word' id='word_1_62' title='bbox 809 1129 916 1200; x_wconf 81' lang='lat' dir='ltr'><em>equites</em></span> <span class='ocrx_word' id='word_1_63' title='bbox 931 1135 1041 1201; x_wconf 79' lang='lat' dir='ltr'>parent</span> <span class='ocrx_word' id='word_1_64' title='bbox 1062 1129 1126 1192; x_wconf 86' lang='lat' dir='ltr'>citi,</span> <span class='ocrx_word' id='word_1_65' title='bbox 1161 1129 1233 1183; x_wconf 85' lang='lat' dir='ltr'>citus</span> <span class='ocrx_word' id='word_1_66' title='bbox 1255 1129 1439 1202; x_wconf 79' lang='lat' dir='ltr'><em>quadrupes,</em></span> <span class='ocrx_word' id='word_1_67' title='bbox 1473 1129 1540 1185; x_wconf 69' lang='lat' dir='ltr'>citit</span> 
     </span>
     <span class='ocr_line' id='line_1_8' title="bbox 230 1207 1538 1302; baseline 0.002 -19"><span class='ocrx_word' id='word_1_68' title='bbox 230 1230 398 1302; x_wconf 79' lang='lat' dir='ltr'><em>quadrigis,</em></span> <span class='ocrx_word' id='word_1_69' title='bbox 422 1231 502 1302; x_wconf 73' lang='lat' dir='ltr'>eques</span> <span class='ocrx_word' id='word_1_70' title='bbox 525 1231 629 1297; x_wconf 73' lang='lat' dir='ltr'>celatis,</span> <span class='ocrx_word' id='word_1_71' title='bbox 654 1207 923 1302; x_wconf 47' lang='lat' dir='ltr'>incitatus&#39;equus</span> <span class='ocrx_word' id='word_1_72' title='bbox 947 1228 1115 1301; x_wconf 83' lang='lat' dir='ltr'>Caligulae.</span> <span class='ocrx_word' id='word_1_73' title='bbox 1156 1228 1287 1284; x_wconf 85' lang='lat' dir='ltr'>Romani</span> <span class='ocrx_word' id='word_1_74' title='bbox 1308 1229 1430 1301; x_wconf 82' lang='lat' dir='ltr'>equites</span> <span class='ocrx_word' id='word_1_75' title='bbox 1454 1230 1538 1286; x_wconf 90' lang='lat' dir='ltr'>anti·</span> 
     </span>
     <span class='ocr_line' id='line_1_9' title="bbox 231 1329 1540 1404; baseline 0.001 -20"><span class='ocrx_word' id='word_1_76' title='bbox 231 1330 408 1404; x_wconf 89' lang='lat' dir='ltr'>quissimum</span> <span class='ocrx_word' id='word_1_77' title='bbox 427 1347 539 1385; x_wconf 91' lang='lat' dir='ltr'>nomen</span> <span class='ocrx_word' id='word_1_78' title='bbox 555 1329 711 1385; x_wconf 79' lang='lat' dir='ltr'>habebant</span> <span class='ocrx_word' id='word_1_79' title='bbox 727 1330 853 1397; x_wconf 85' lang='lat' dir='ltr'>celeres,</span> <span class='ocrx_word' id='word_1_80' title='bbox 877 1330 938 1385; x_wconf 84' lang='lat' dir='ltr'>dux</span> <span class='ocrx_word' id='word_1_81' title='bbox 954 1330 1092 1403; x_wconf 90' lang='lat' dir='ltr'>equitum</span> <span class='ocrx_word' id='word_1_82' title='bbox 1115 1329 1252 1384; x_wconf 88' lang='lat' dir='ltr'>tribunus</span> <span class='ocrx_word' id='word_1_83' title='bbox 1275 1329 1409 1384; x_wconf 89' lang='lat' dir='ltr'>celerum</span> <span class='ocrx_word' id='word_1_84' title='bbox 1426 1329 1540 1403; x_wconf 89' lang='lat' dir='ltr'>appel·</span> 
     </span>
     <span class='ocr_line' id='line_1_10' title="bbox 230 1427 1537 1503; baseline 0.001 -18"><span class='ocrx_word' id='word_1_85' title='bbox 230 1430 356 1497; x_wconf 86' lang='lat' dir='ltr'>labatur,</span> <span class='ocrx_word' id='word_1_86' title='bbox 380 1448 482 1486; x_wconf 90' lang='lat' dir='ltr'>curam</span> <span class='ocrx_word' id='word_1_87' title='bbox 505 1432 659 1487; x_wconf 90' lang='lat' dir='ltr'>moenium</span> <span class='ocrx_word' id='word_1_88' title='bbox 681 1448 876 1503; x_wconf 80' lang='lat' dir='ltr'>poenamque</span> <span class='ocrx_word' id='word_1_89' title='bbox 900 1431 1095 1486; x_wconf 83' lang='lat' dir='ltr'>transilientis</span> <span class='ocrx_word' id='word_1_90' title='bbox 1119 1446 1221 1486; x_wconf 91' lang='lat' dir='ltr'>muros</span> <span class='ocrx_word' id='word_1_91' title='bbox 1244 1429 1343 1485; x_wconf 83' lang='lat' dir='ltr'>fratris</span> <span class='ocrx_word' id='word_1_92' title='bbox 1366 1429 1418 1485; x_wconf 82' lang='lat' dir='ltr'>hoc</span> <span class='ocrx_word' id='word_1_93' title='bbox 1447 1427 1537 1487; x_wconf 80' lang='lat' dir='ltr'>Celer</span> 
     </span>
     <span class='ocr_line' id='line_1_11' title="bbox 231 1530 1539 1604; baseline 0.002 -20"><span class='ocrx_word' id='word_1_94' title='bbox 231 1537 338 1604; x_wconf 85' lang='lat' dir='ltr'>urguet</span> <span class='ocrx_word' id='word_1_95' title='bbox 357 1540 424 1604; x_wconf 84' lang='lat' dir='ltr'>epus</span> <span class='ocrx_word' id='word_1_96' title='bbox 446 1550 526 1604; x_wconf 83' lang='lat' dir='ltr'>quem</span> <span class='ocrx_word' id='word_1_97' title='bbox 545 1530 686 1587; x_wconf 71' lang='lat' dir='ltr'>Repertus</span> <span class='ocrx_word' id='word_1_98' title='bbox 708 1533 766 1604; x_wconf 82' lang='lat' dir='ltr'>z&#39;pse</span> <span class='ocrx_word' id='word_1_99' title='bbox 787 1538 925 1588; x_wconf 81' lang='lat' dir='ltr'>vacarat:</span> <span class='ocrx_word' id='word_1_100' title='bbox 948 1531 1092 1603; x_wconf 91' lang='lat' dir='ltr'>lguvinos</span> <span class='ocrx_word' id='word_1_101' title='bbox 1116 1531 1291 1603; x_wconf 80' lang='lat' dir='ltr'>proceribus</span> <span class='ocrx_word' id='word_1_102' title='bbox 1313 1548 1395 1604; x_wconf 90' lang='lat' dir='ltr'>equo</span> <span class='ocrx_word' id='word_1_103' title='bbox 1412 1548 1539 1587; x_wconf 89' lang='lat' dir='ltr'>meren·</span> 
     </span>
     <span class='ocr_line' id='line_1_12' title="bbox 231 1632 1538 1707; baseline 0.002 -20"><span class='ocrx_word' id='word_1_104' title='bbox 231 1632 311 1688; x_wconf 88' lang='lat' dir='ltr'>tibus</span> <span class='ocrx_word' id='word_1_105' title='bbox 335 1650 506 1705; x_wconf 80' lang='lat' dir='ltr'>cognomen</span> <span class='ocrx_word' id='word_1_106' title='bbox 531 1633 596 1688; x_wconf 91' lang='lat' dir='ltr'>citis</span> <span class='ocrx_word' id='word_1_107' title='bbox 620 1633 769 1688; x_wconf 81' lang='lat' dir='ltr'>indidisse</span> <span class='ocrx_word' id='word_1_108' title='bbox 793 1632 971 1707; x_wconf 89' lang='lat' dir='ltr'>suspicabar</span> <span class='ocrx_word' id='word_1_109' title='bbox 1004 1643 1034 1688; x_wconf 89' lang='lat' dir='ltr'>et</span> <span class='ocrx_word' id='word_1_110' title='bbox 1066 1633 1149 1704; x_wconf 90' lang='lat' dir='ltr'>quod</span> <span class='ocrx_word' id='word_1_111' title='bbox 1171 1651 1234 1687; x_wconf 87' lang='lat' dir='ltr'>non</span> <span class='ocrx_word' id='word_1_112' title='bbox 1257 1648 1364 1687; x_wconf 88' lang='lat' dir='ltr'>omnes</span> <span class='ocrx_word' id='word_1_113' title='bbox 1387 1649 1538 1705; x_wconf 88' lang='lat' dir='ltr'>proceres</span> 
     </span>
     <span class='ocr_line' id='line_1_13' title="bbox 232 1732 1539 1808; baseline 0.002 -21"><span class='ocrx_word' id='word_1_114' title='bbox 232 1732 369 1788; x_wconf 86' lang='lat' dir='ltr'>militiam</span> <span class='ocrx_word' id='word_1_115' title='bbox 392 1744 569 1790; x_wconf 89' lang='lat' dir='ltr'>exercerent</span> <span class='ocrx_word' id='word_1_116' title='bbox 592 1744 782 1808; x_wconf 82' lang='lat' dir='ltr'>equestrem,</span> <span class='ocrx_word' id='word_1_117' title='bbox 816 1743 848 1790; x_wconf 95' lang='lat' dir='ltr'>ut</span> <span class='ocrx_word' id='word_1_118' title='bbox 877 1733 1017 1790; x_wconf 88' lang='lat' dir='ltr'>Theseus</span> <span class='ocrx_word' id='word_1_119' title='bbox 1042 1733 1236 1807; x_wconf 83' lang='lat' dir='ltr'>Sophocleus</span> <span class='ocrx_word' id='word_1_120' title='bbox 1260 1742 1358 1789; x_wconf 92' lang='lat' dir='ltr'>totum</span> <span class='ocrx_word' id='word_1_121' title='bbox 1386 1733 1539 1807; x_wconf 90' lang='lat' dir='ltr'>populum</span> 
     </span>
     <span class='ocr_line' id='line_1_14' title="bbox 232 1827 1546 1909; baseline -0.002 -17"><span class='ocrx_word' id='word_1_122' title='bbox 232 1827 370 1892; x_wconf 88' lang='grc' dir='ltr'>ἄνιππον</span> <span class='ocrx_word' id='word_1_123' title='bbox 392 1829 530 1908; x_wconf 78' lang='grc' dir='ltr'>ἱππότην</span> <span class='ocrx_word' id='word_1_124' title='bbox 553 1852 587 1894; x_wconf 86' lang='grc' dir='ltr'>τε</span> <span class='ocrx_word' id='word_1_125' title='bbox 611 1836 693 1909; x_wconf 85' lang='lat' dir='ltr'>cogit</span> <span class='ocrx_word' id='word_1_126' title='bbox 716 1836 862 1891; x_wconf 90' lang='lat' dir='ltr'>adversus</span> <span class='ocrx_word' id='word_1_127' title='bbox 888 1834 1054 1892; x_wconf 86' lang='lat' dir='ltr'>Creontem</span> <span class='ocrx_word' id='word_1_128' title='bbox 1076 1835 1236 1907; x_wconf 89' lang='lat' dir='ltr'>proticisci,</span> <span class='ocrx_word' id='word_1_129' title='bbox 1268 1836 1310 1890; x_wconf 87' lang='lat' dir='ltr'>ita</span> <span class='ocrx_word' id='word_1_130' title='bbox 1333 1834 1399 1889; x_wconf 91' lang='lat' dir='ltr'>illos</span> <span class='ocrx_word' id='word_1_131' title='bbox 1422 1834 1546 1890; x_wconf 78' lang='lat' dir='ltr'>nobili·-</span> 
     </span>
     <span class='ocr_line' id='line_1_15' title="bbox 233 1935 1539 2010; baseline 0.002 -20"><span class='ocrx_word' id='word_1_132' title='bbox 233 1944 328 1991; x_wconf 88' lang='lat' dir='ltr'>tatem</span> <span class='ocrx_word' id='word_1_133' title='bbox 352 1946 493 1993; x_wconf 89' lang='lat' dir='ltr'>cunctam</span> <span class='ocrx_word' id='word_1_134' title='bbox 515 1935 786 2010; x_wconf 81' lang='lat' dir='ltr'>comprehendisse</span> <span class='ocrx_word' id='word_1_135' title='bbox 810 1936 855 1992; x_wconf 90' lang='lat' dir='ltr'>his</span> <span class='ocrx_word' id='word_1_136' title='bbox 879 1937 961 1992; x_wconf 89' lang='lat' dir='ltr'>notis</span> <span class='ocrx_word' id='word_1_137' title='bbox 985 1937 1053 1991; x_wconf 83' lang='lat' dir='ltr'>citos</span> <span class='ocrx_word' id='word_1_138' title='bbox 1077 1937 1186 1991; x_wconf 80' lang='lat' dir='ltr'>z‘rzcz’tos.</span> <span class='ocrx_word' id='word_1_139' title='bbox 1226 1954 1297 1992; x_wconf 87' lang='lat' dir='ltr'>uam</span> <span class='ocrx_word' id='word_1_140' title='bbox 1320 1952 1360 1991; x_wconf 89' lang='lat' dir='ltr'>ne</span> <span class='ocrx_word' id='word_1_141' title='bbox 1384 1935 1445 1991; x_wconf 90' lang='lat' dir='ltr'>hoc</span> <span class='ocrx_word' id='word_1_142' title='bbox 1468 1937 1539 2010; x_wconf 91' lang='lat' dir='ltr'>qui-</span> 
     </span>
     <span class='ocr_line' id='line_1_16' title="bbox 233 2037 1539 2110; baseline 0.001 -18"><span class='ocrx_word' id='word_1_143' title='bbox 233 2037 304 2092; x_wconf 89' lang='lat' dir='ltr'>dem</span> <span class='ocrx_word' id='word_1_144' title='bbox 327 2037 501 2093; x_wconf 82' lang='lat' dir='ltr'>antitheton</span> <span class='ocrx_word' id='word_1_145' title='bbox 524 2037 664 2094; x_wconf 79' lang='lat' dir='ltr'>defuerat</span> <span class='ocrx_word' id='word_1_146' title='bbox 687 2037 818 2093; x_wconf 88' lang='lat' dir='ltr'>sermoni</span> <span class='ocrx_word' id='word_1_147' title='bbox 842 2037 945 2103; x_wconf 86' lang='lat' dir='ltr'>latino,</span> <span class='ocrx_word' id='word_1_148' title='bbox 982 2038 1039 2092; x_wconf 91' lang='lat' dir='ltr'>etsi</span> <span class='ocrx_word' id='word_1_149' title='bbox 1074 2045 1187 2110; x_wconf 91' lang='lat' dir='ltr'>postea</span> <span class='ocrx_word' id='word_1_150' title='bbox 1221 2053 1282 2092; x_wconf 91' lang='lat' dir='ltr'>non</span> <span class='ocrx_word' id='word_1_151' title='bbox 1306 2037 1453 2092; x_wconf 85' lang='lat' dir='ltr'>remansit</span> <span class='ocrx_word' id='word_1_152' title='bbox 1474 2037 1539 2093; x_wconf 87' lang='lat' dir='ltr'>nisi</span> 
     </span>
     <span class='ocr_line' id='line_1_17' title="bbox 231 2136 1538 2211; baseline 0.001 -19"><span class='ocrx_word' id='word_1_153' title='bbox 231 2138 261 2192; x_wconf 93' lang='lat' dir='ltr'>in</span> <span class='ocrx_word' id='word_1_154' title='bbox 285 2139 351 2193; x_wconf 91' lang='lat' dir='ltr'>lusu</span> <span class='ocrx_word' id='word_1_155' title='bbox 380 2138 571 2205; x_wconf 89' lang='lat' dir='ltr'>calculorum,</span> <span class='ocrx_word' id='word_1_156' title='bbox 596 2138 646 2211; x_wconf 94' lang='lat' dir='ltr'>qui</span> <span class='ocrx_word' id='word_1_157' title='bbox 670 2139 694 2192; x_wconf 91' lang='lat' dir='ltr'>si</span> <span class='ocrx_word' id='word_1_158' title='bbox 718 2139 831 2193; x_wconf 89' lang='lat' dir='ltr'>moveri</span> <span class='ocrx_word' id='word_1_159' title='bbox 853 2156 917 2193; x_wconf 91' lang='lat' dir='ltr'>non</span> <span class='ocrx_word' id='word_1_160' title='bbox 939 2147 1083 2211; x_wconf 87' lang='lat' dir='ltr'>poterant</span> <span class='ocrx_word' id='word_1_161' title='bbox 1111 2136 1293 2192; x_wconf 85' lang='lat' dir='ltr'>dicebantur</span> <span class='ocrx_word' id='word_1_162' title='bbox 1314 2137 1412 2203; x_wconf 87' lang='lat' dir='ltr'>inciti,</span> <span class='ocrx_word' id='word_1_163' title='bbox 1447 2145 1480 2192; x_wconf 92' lang='lat' dir='ltr'>et</span> <span class='ocrx_word' id='word_1_164' title='bbox 1505 2137 1538 2193; x_wconf 90' lang='lat' dir='ltr'>iu</span> 
     </span>
     <span class='ocr_line' id='line_1_18' title="bbox 232 2238 1538 2312; baseline 0.003 -20"><span class='ocrx_word' id='word_1_165' title='bbox 232 2239 391 2311; x_wconf 90' lang='lat' dir='ltr'>proverbio</span> <span class='ocrx_word' id='word_1_166' title='bbox 414 2239 516 2310; x_wconf 82' lang='lat' dir='ltr'>redigi</span> <span class='ocrx_word' id='word_1_167' title='bbox 536 2239 578 2293; x_wconf 76' lang='lat' dir='ltr'>ael</span> <span class='ocrx_word' id='word_1_168' title='bbox 597 2239 686 2293; x_wconf 83' lang='lat' dir='ltr'>inrita</span> <span class='ocrx_word' id='word_1_169' title='bbox 710 2239 754 2294; x_wconf 91' lang='lat' dir='ltr'>vel</span> <span class='ocrx_word' id='word_1_170' title='bbox 780 2239 890 2296; x_wconf 77' lang='lat' dir='ltr'>zizer&#39;tus.</span> <span class='ocrx_word' id='word_1_171' title='bbox 929 2240 1069 2312; x_wconf 84' lang='lat' dir='ltr'>quaesita</span> <span class='ocrx_word' id='word_1_172' title='bbox 1093 2247 1196 2294; x_wconf 86' lang='lat' dir='ltr'>tamen</span> <span class='ocrx_word' id='word_1_173' title='bbox 1219 2238 1296 2295; x_wconf 91' lang='lat' dir='ltr'>haec</span> <span class='ocrx_word' id='word_1_174' title='bbox 1317 2239 1538 2312; x_wconf 87' lang='lat' dir='ltr'>interpretatio</span> 
     </span>
     <span class='ocr_line' id='line_1_19' title="bbox 233 2325 1539 2413; baseline 0.003 -21"><span class='ocrx_word' id='word_1_175' title='bbox 233 2338 304 2393; x_wconf 89' lang='lat' dir='ltr'>mihi</span> <span class='ocrx_word' id='word_1_176' title='bbox 328 2339 384 2413; x_wconf 90' lang='lat' dir='ltr'>ipsi</span> <span class='ocrx_word' id='word_1_177' title='bbox 407 2340 535 2405; x_wconf 87' lang='lat' dir='ltr'>videtur,</span> <span class='ocrx_word' id='word_1_178' title='bbox 558 2339 608 2395; x_wconf 89' lang='lat' dir='ltr'>illa</span> <span class='ocrx_word' id='word_1_179' title='bbox 631 2340 718 2412; x_wconf 90' lang='lat' dir='ltr'>quasi</span> <span class='ocrx_word' id='word_1_180' title='bbox 739 2339 816 2395; x_wconf 94' lang='lat' dir='ltr'>ultro</span> <span class='ocrx_word' id='word_1_181' title='bbox 839 2340 961 2402; x_wconf 89' lang='lat' dir='ltr'>tributa,</span> <span class='ocrx_word' id='word_1_182' title='bbox 985 2340 1089 2413; x_wconf 88' lang='lat' dir='ltr'>itaque</span> <span class='ocrx_word' id='word_1_183' title='bbox 1107 2340 1165 2394; x_wconf 87' lang='lat' dir='ltr'>etsi</span> <span class='ocrx_word' id='word_1_184' title='bbox 1183 2340 1279 2395; x_wconf 90' lang='lat' dir='ltr'>semel</span> <span class='ocrx_word' id='word_1_185' title='bbox 1301 2325 1370 2394; x_wconf 74' lang='lat' dir='ltr'>iitir</span> <span class='ocrx_word' id='word_1_186' title='bbox 1386 2339 1539 2413; x_wconf 89' lang='lat' dir='ltr'>scriptum</span> 
     </span>
     <span class='ocr_line' id='line_1_20' title="bbox 233 2428 1538 2514; baseline 0.006 -21"><span class='ocrx_word' id='word_1_187' title='bbox 233 2448 290 2505; x_wconf 88' lang='lat' dir='ltr'>est,</span> <span class='ocrx_word' id='word_1_188' title='bbox 313 2440 341 2494; x_wconf 90' lang='lat' dir='ltr'>in</span> <span class='ocrx_word' id='word_1_189' title='bbox 366 2428 454 2493; x_wconf 74' lang='lat' dir='ltr'>iilritu</span> <span class='ocrx_word' id='word_1_190' title='bbox 477 2441 614 2514; x_wconf 92' lang='lat' dir='ltr'>spiritum</span> <span class='ocrx_word' id='word_1_191' title='bbox 632 2458 668 2494; x_wconf 87' lang='lat' dir='ltr'>ex</span> <span class='ocrx_word' id='word_1_192' title='bbox 686 2441 828 2512; x_wconf 88' lang='lat' dir='ltr'>gutturali</span> <span class='ocrx_word' id='word_1_193' title='bbox 853 2442 1006 2496; x_wconf 88' lang='lat' dir='ltr'>resedisse</span> <span class='ocrx_word' id='word_1_194' title='bbox 1029 2450 1112 2496; x_wconf 87' lang='lat' dir='ltr'>ratus</span> <span class='ocrx_word' id='word_1_195' title='bbox 1129 2442 1171 2496; x_wconf 87' lang='lat' dir='ltr'>ad</span> <span class='ocrx_word' id='word_1_196' title='bbox 1186 2442 1318 2514; x_wconf 91' lang='lat' dir='ltr'>priorem</span> <span class='ocrx_word' id='word_1_197' title='bbox 1340 2439 1423 2496; x_wconf 90' lang='lat' dir='ltr'>illam</span> <span class='ocrx_word' id='word_1_198' title='bbox 1446 2443 1538 2501; x_wconf 90' lang='lat' dir='ltr'>redii.</span> 
     </span>
     <span class='ocr_line' id='line_1_21' title="bbox 233 2539 1538 2616; baseline 0.003 -21"><span class='ocrx_word' id='word_1_199' title='bbox 233 2547 306 2614; x_wconf 88' lang='lat' dir='ltr'>post</span> <span class='ocrx_word' id='word_1_200' title='bbox 327 2539 402 2616; x_wconf 80' lang='lat' dir='ltr'>reers</span> <span class='ocrx_word' id='word_1_201' title='bbox 417 2540 447 2594; x_wconf 89' lang='lat' dir='ltr'>in</span> <span class='ocrx_word' id='word_1_202' title='bbox 470 2541 513 2595; x_wconf 90' lang='lat' dir='ltr'>eis</span> <span class='ocrx_word' id='word_1_203' title='bbox 537 2542 677 2613; x_wconf 87' lang='lat' dir='ltr'>precibus</span> <span class='ocrx_word' id='word_1_204' title='bbox 701 2541 809 2614; x_wconf 92' lang='lat' dir='ltr'>quibus</span> <span class='ocrx_word' id='word_1_205' title='bbox 833 2541 980 2615; x_wconf 90' lang='lat' dir='ltr'>Iguvinae</span> <span class='ocrx_word' id='word_1_206' title='bbox 1001 2542 1130 2597; x_wconf 89' lang='lat' dir='ltr'>civitatis</span> <span class='ocrx_word' id='word_1_207' title='bbox 1154 2552 1186 2597; x_wconf 93' lang='lat' dir='ltr'>et</span> <span class='ocrx_word' id='word_1_208' title='bbox 1202 2543 1428 2597; x_wconf 88' lang='lat' dir='ltr'>institutionum</span> <span class='ocrx_word' id='word_1_209' title='bbox 1452 2542 1538 2599; x_wconf 93' lang='lat' dir='ltr'>salu·</span> 
     </span>
     <span class='ocr_line' id='line_1_22' title="bbox 235 2641 1540 2718; baseline 0.003 -22"><span class='ocrx_word' id='word_1_210' title='bbox 235 2650 296 2696; x_wconf 90' lang='lat' dir='ltr'>tem</span> <span class='ocrx_word' id='word_1_211' title='bbox 321 2649 479 2713; x_wconf 85' lang='lat' dir='ltr'>exoptant,</span> <span class='ocrx_word' id='word_1_212' title='bbox 503 2642 666 2713; x_wconf 87' lang='lat' dir='ltr'>separatim</span> <span class='ocrx_word' id='word_1_213' title='bbox 687 2642 847 2698; x_wconf 88' lang='lat' dir='ltr'>nominant</span> <span class='ocrx_word' id='word_1_214' title='bbox 868 2642 957 2718; x_wconf 65' lang='lat' dir='ltr'>arrerss,</span> <span class='ocrx_word' id='word_1_215' title='bbox 981 2641 1029 2698; x_wconf 94' lang='lat' dir='ltr'>hic</span> <span class='ocrx_word' id='word_1_216' title='bbox 1052 2644 1082 2698; x_wconf 91' lang='lat' dir='ltr'>in</span> <span class='ocrx_word' id='word_1_217' title='bbox 1098 2652 1182 2698; x_wconf 89' lang='lat' dir='ltr'>metu</span> <span class='ocrx_word' id='word_1_218' title='bbox 1198 2642 1299 2698; x_wconf 91' lang='lat' dir='ltr'>hostili</span> <span class='ocrx_word' id='word_1_219' title='bbox 1325 2642 1456 2716; x_wconf 89' lang='lat' dir='ltr'>bellique</span> <span class='ocrx_word' id='word_1_220' title='bbox 1478 2661 1540 2717; x_wconf 91' lang='lat' dir='ltr'>pe-</span> 
     </span>
     <span class='ocr_line' id='line_1_23' title="bbox 234 2740 1541 2814; baseline 0.005 -20"><span class='ocrx_word' id='word_1_221' title='bbox 234 2740 332 2796; x_wconf 87' lang='lat' dir='ltr'>riculis</span> <span class='ocrx_word' id='word_1_222' title='bbox 357 2741 431 2795; x_wconf 85' lang='lat' dir='ltr'>iuaie</span> <span class='ocrx_word' id='word_1_223' title='bbox 452 2742 485 2796; x_wconf 90' lang='lat' dir='ltr'>id</span> <span class='ocrx_word' id='word_1_224' title='bbox 508 2751 556 2796; x_wconf 87' lang='lat' dir='ltr'>est</span> <span class='ocrx_word' id='word_1_225' title='bbox 579 2742 629 2813; x_wconf 93' lang='lat' dir='ltr'>qui</span> <span class='ocrx_word' id='word_1_226' title='bbox 652 2759 777 2797; x_wconf 88' lang='lat' dir='ltr'>munera</span> <span class='ocrx_word' id='word_1_227' title='bbox 799 2741 924 2798; x_wconf 89' lang='lat' dir='ltr'>militiae</span> <span class='ocrx_word' id='word_1_228' title='bbox 947 2743 1032 2798; x_wconf 92' lang='lat' dir='ltr'>obire</span> <span class='ocrx_word' id='word_1_229' title='bbox 1056 2741 1156 2798; x_wconf 87' lang='lat' dir='ltr'>solent</span> <span class='ocrx_word' id='word_1_230' title='bbox 1181 2759 1305 2814; x_wconf 88' lang='lat' dir='ltr'>remque</span> <span class='ocrx_word' id='word_1_231' title='bbox 1327 2742 1480 2814; x_wconf 84' lang='lat' dir='ltr'>publicam</span> <span class='ocrx_word' id='word_1_232' title='bbox 1506 2745 1541 2801; x_wconf 91' lang='lat' dir='ltr'>in</span> 
     </span>
     <span class='ocr_line' id='line_1_24' title="bbox 234 2840 1539 2919; baseline 0.005 -21"><span class='ocrx_word' id='word_1_233' title='bbox 234 2861 266 2898; x_wconf 90' lang='lat' dir='ltr'>re</span> <span class='ocrx_word' id='word_1_234' title='bbox 288 2842 406 2897; x_wconf 88' lang='lat' dir='ltr'>militari</span> <span class='ocrx_word' id='word_1_235' title='bbox 430 2843 532 2898; x_wconf 92' lang='lat' dir='ltr'>iuvare</span> <span class='ocrx_word' id='word_1_236' title='bbox 552 2843 685 2898; x_wconf 89' lang='lat' dir='ltr'>iuniores</span> <span class='ocrx_word' id='word_1_237' title='bbox 699 2840 809 2914; x_wconf 81' lang='lat' dir='ltr'>(Varro</span> <span class='ocrx_word' id='word_1_238' title='bbox 827 2845 909 2917; x_wconf 86' lang='lat' dir='ltr'>apud</span> <span class='ocrx_word' id='word_1_239' title='bbox 925 2842 1127 2899; x_wconf 82' lang='lat' dir='ltr'>Censorinum</span> <span class='ocrx_word' id='word_1_240' title='bbox 1145 2846 1194 2908; x_wconf 78' lang='lat'>14,</span> <span class='ocrx_word' id='word_1_241' title='bbox 1209 2846 1225 2899; x_wconf 73' lang='lat'>2</span> <span class='ocrx_word' id='word_1_242' title='bbox 1244 2843 1360 2898; x_wconf 81' lang='lat' dir='ltr'>Gellius</span> <span class='ocrx_word' id='word_1_243' title='bbox 1372 2843 1401 2898; x_wconf 90' lang='lat' dir='ltr'>X</span> <span class='ocrx_word' id='word_1_244' title='bbox 1414 2845 1455 2902; x_wconf 82' lang='lat'>28</span> <span class='ocrx_word' id='word_1_245' title='bbox 1468 2840 1539 2919; x_wconf 79' lang='lat' dir='ltr'>al).</span> 
     </span>
     <span class='ocr_line' id='line_1_25' title="bbox 233 2942 1540 3016; baseline 0.003 -18"><span class='ocrx_word' id='word_1_246' title='bbox 233 2942 405 3016; x_wconf 86' lang='lat' dir='ltr'>significatu</span> <span class='ocrx_word' id='word_1_247' title='bbox 427 2944 518 3010; x_wconf 88' lang='lat' dir='ltr'>enim,</span> <span class='ocrx_word' id='word_1_248' title='bbox 542 2945 599 2999; x_wconf 89' lang='lat' dir='ltr'>etsi</span> <span class='ocrx_word' id='word_1_249' title='bbox 615 2963 634 2998; x_wconf 82' lang='lat' dir='ltr'>re</span> <span class='ocrx_word' id='word_1_250' title='bbox 657 2945 688 2999; x_wconf 88' lang='lat' dir='ltr'>in</span> <span class='ocrx_word' id='word_1_251' title='bbox 705 2944 838 3000; x_wconf 85' lang='lat' dir='ltr'>clausula</span> <span class='ocrx_word' id='word_1_252' title='bbox 854 2945 1057 3011; x_wconf 86' lang='lat' dir='ltr'>desideratur,</span> <span class='ocrx_word' id='word_1_253' title='bbox 1081 2964 1144 3000; x_wconf 88' lang='lat' dir='ltr'>non</span> <span class='ocrx_word' id='word_1_254' title='bbox 1167 2944 1293 3001; x_wconf 87' lang='lat' dir='ltr'>multum</span> <span class='ocrx_word' id='word_1_255' title='bbox 1314 2943 1458 3000; x_wconf 88' lang='lat' dir='ltr'>abhorret</span> <span class='ocrx_word' id='word_1_256' title='bbox 1473 2943 1540 3002; x_wconf 92' lang='lat' dir='ltr'>hoc</span> 
     </span>
     <span class='ocr_line' id='line_1_26' title="bbox 233 3045 1539 3120; baseline 0.002 -22"><span class='ocrx_word' id='word_1_257' title='bbox 233 3061 346 3099; x_wconf 87' lang='lat' dir='ltr'>nomeu</span> <span class='ocrx_word' id='word_1_258' title='bbox 369 3045 408 3101; x_wconf 92' lang='lat' dir='ltr'>ab</span> <span class='ocrx_word' id='word_1_259' title='bbox 432 3062 469 3099; x_wconf 90' lang='lat' dir='ltr'>eo</span> <span class='ocrx_word' id='word_1_260' title='bbox 493 3063 552 3117; x_wconf 92' lang='lat' dir='ltr'>quo</span> <span class='ocrx_word' id='word_1_261' title='bbox 576 3046 764 3101; x_wconf 88' lang='lat' dir='ltr'>iuventutem</span> <span class='ocrx_word' id='word_1_262' title='bbox 786 3045 891 3118; x_wconf 92' lang='lat' dir='ltr'>populi</span> <span class='ocrx_word' id='word_1_263' title='bbox 914 3046 1038 3117; x_wconf 85' lang='lat' dir='ltr'>cognati</span> <span class='ocrx_word' id='word_1_264' title='bbox 1062 3046 1227 3120; x_wconf 88' lang='lat' dir='ltr'>appellant,</span> <span class='ocrx_word' id='word_1_265' title='bbox 1252 3045 1407 3101; x_wconf 88' lang='lat' dir='ltr'>declinatu</span> <span class='ocrx_word' id='word_1_266' title='bbox 1429 3045 1539 3117; x_wconf 55' lang='lat' dir='ltr'>proxi*</span> 
     </span>
     <span class='ocr_line' id='line_1_27' title="bbox 233 3144 1539 3219; baseline -0.002 -18"><span class='ocrx_word' id='word_1_267' title='bbox 233 3163 316 3201; x_wconf 92' lang='lat' dir='ltr'>mum</span> <span class='ocrx_word' id='word_1_268' title='bbox 338 3154 386 3200; x_wconf 88' lang='lat' dir='ltr'>est</span> <span class='ocrx_word' id='word_1_269' title='bbox 408 3163 426 3199; x_wconf 89' lang='lat' dir='ltr'>a</span> <span class='ocrx_word' id='word_1_270' title='bbox 448 3145 498 3202; x_wconf 87' lang='lat' dir='ltr'>lat.</span> <span class='ocrx_word' id='word_1_271' title='bbox 524 3146 592 3203; x_wconf 81' lang='lat' dir='ltr'>dies,</span> <span class='ocrx_word' id='word_1_272' title='bbox 638 3146 811 3201; x_wconf 88' lang='lat' dir='ltr'>dividuntur</span> <span class='ocrx_word' id='word_1_273' title='bbox 833 3146 943 3201; x_wconf 88' lang='lat' dir='ltr'>milites</span> <span class='ocrx_word' id='word_1_274' title='bbox 966 3146 996 3201; x_wconf 91' lang='lat' dir='ltr'>in</span> <span class='ocrx_word' id='word_1_275' title='bbox 1019 3145 1160 3201; x_wconf 87' lang='lat' dir='ltr'>hastatos</span> <span class='ocrx_word' id='word_1_276' title='bbox 1183 3157 1214 3201; x_wconf 88' lang='lat' dir='ltr'>et</span> <span class='ocrx_word' id='word_1_277' title='bbox 1249 3146 1314 3202; x_wconf 90' lang='lat' dir='ltr'>sine</span> <span class='ocrx_word' id='word_1_278' title='bbox 1336 3144 1432 3200; x_wconf 88' lang='lat' dir='ltr'>hastis</span> <span class='ocrx_word' id='word_1_279' title='bbox 1454 3161 1539 3219; x_wconf 89' lang='lat' dir='ltr'>pug-</span> 
     </span>
     <span class='ocr_line' id='line_1_28' title="bbox 234 3245 837 3304; baseline 0.005 -3"><span class='ocrx_word' id='word_1_280' title='bbox 234 3256 344 3303; x_wconf 89' lang='lat' dir='ltr'>nantes</span> <span class='ocrx_word' id='word_1_281' title='bbox 368 3247 529 3302; x_wconf 89' lang='lat' dir='ltr'>lovioribus</span> <span class='ocrx_word' id='word_1_282' title='bbox 552 3247 642 3302; x_wconf 89' lang='lat' dir='ltr'>armis</span> <span class='ocrx_word' id='word_1_283' title='bbox 667 3256 700 3300; x_wconf 88' lang='lat' dir='ltr'>ut</span> <span class='ocrx_word' id='word_1_284' title='bbox 723 3245 837 3304; x_wconf 82' lang='lat' dir='ltr'>velites</span> 
     </span>
    </p>

    <p class='ocr_par' dir='ltr' id='par_1_4' title="bbox 234 3346 1539 4531">
     <span class='ocr_line' id='line_1_29' title="bbox 280 3346 1538 3422; baseline 0.006 -24"><span class='ocrx_word' id='word_1_285' title='bbox 280 3389 283 3398; x_wconf 96' lang='lat'><em>.</em></span> <span class='ocrx_word' id='word_1_286' title='bbox 335 3349 373 3405; x_wconf 76' lang='lat' dir='ltr'>bo</span> <span class='ocrx_word' id='word_1_287' title='bbox 407 3347 479 3402; x_wconf 89' lang='lat' dir='ltr'>diris</span> <span class='ocrx_word' id='word_1_288' title='bbox 502 3356 632 3402; x_wconf 90' lang='lat' dir='ltr'>onerant</span> <span class='ocrx_word' id='word_1_289' title='bbox 654 3346 775 3402; x_wconf 90' lang='lat' dir='ltr'>hostem</span> <span class='ocrx_word' id='word_1_290' title='bbox 798 3356 829 3401; x_wconf 90' lang='lat' dir='ltr'>et</span> <span class='ocrx_word' id='word_1_291' title='bbox 853 3357 885 3402; x_wconf 91' lang='lat' dir='ltr'>ut</span> <span class='ocrx_word' id='word_1_292' title='bbox 917 3347 998 3402; x_wconf 91' lang='lat' dir='ltr'>omni</span> <span class='ocrx_word' id='word_1_293' title='bbox 1021 3348 1115 3404; x_wconf 91' lang='lat' dir='ltr'>modo</span> <span class='ocrx_word' id='word_1_294' title='bbox 1143 3356 1252 3422; x_wconf 89' lang='lat' dir='ltr'>pereat</span> <span class='ocrx_word' id='word_1_295' title='bbox 1274 3355 1437 3422; x_wconf 87' lang='lat' dir='ltr'>precantur</span> <span class='ocrx_word' id='word_1_296' title='bbox 1459 3347 1538 3405; x_wconf 89' lang='lat' dir='ltr'>hina</span> 
     </span>
     <span class='ocr_line' id='line_1_30' title="bbox 235 3447 1539 3523; baseline 0.004 -21"><span class='ocrx_word' id='word_1_297' title='bbox 235 3448 381 3503; x_wconf 89' lang='lat' dir='ltr'>vocabula</span> <span class='ocrx_word' id='word_1_298' title='bbox 405 3456 438 3503; x_wconf 88' lang='lat' dir='ltr'>ut</span> <span class='ocrx_word' id='word_1_299' title='bbox 461 3466 538 3505; x_wconf 91' lang='lat' dir='ltr'>sono</span> <span class='ocrx_word' id='word_1_300' title='bbox 562 3450 604 3504; x_wconf 90' lang='lat' dir='ltr'>ita</span> <span class='ocrx_word' id='word_1_301' title='bbox 627 3447 797 3520; x_wconf 85' lang='lat' dir='ltr'>significatu</span> <span class='ocrx_word' id='word_1_302' title='bbox 815 3450 1060 3522; x_wconf 88' lang='lat' dir='ltr'>constringentes</span> <span class='ocrx_word' id='word_1_303' title='bbox 1085 3451 1185 3508; x_wconf 89' lang='lat' dir='ltr'>artius.</span> <span class='ocrx_word' id='word_1_304' title='bbox 1225 3451 1308 3523; x_wconf 91' lang='lat' dir='ltr'>quod</span> <span class='ocrx_word' id='word_1_305' title='bbox 1328 3467 1450 3506; x_wconf 90' lang='lat' dir='ltr'>carmen</span> <span class='ocrx_word' id='word_1_306' title='bbox 1466 3451 1539 3507; x_wconf 92' lang='lat' dir='ltr'>imi-</span> 
     </span>
     <span class='ocr_line' id='line_1_31' title="bbox 234 3549 1538 3626; baseline 0.004 -22"><span class='ocrx_word' id='word_1_307' title='bbox 234 3550 321 3605; x_wconf 90' lang='lat' dir='ltr'>tandi</span> <span class='ocrx_word' id='word_1_308' title='bbox 343 3549 436 3606; x_wconf 88' lang='lat' dir='ltr'>latine</span> <span class='ocrx_word' id='word_1_309' title='bbox 459 3551 624 3623; x_wconf 88' lang='lat' dir='ltr'>periculmn</span> <span class='ocrx_word' id='word_1_310' title='bbox 647 3549 715 3616; x_wconf 87' lang='lat' dir='ltr'>feci,</span> <span class='ocrx_word' id='word_1_311' title='bbox 737 3567 828 3606; x_wconf 89' lang='lat' dir='ltr'>nemo</span> <span class='ocrx_word' id='word_1_312' title='bbox 843 3561 946 3606; x_wconf 87' lang='lat' dir='ltr'>tamen</span> <span class='ocrx_word' id='word_1_313' title='bbox 962 3552 1062 3607; x_wconf 84' lang='lat' dir='ltr'>nescit</span> <span class='ocrx_word' id='word_1_314' title='bbox 1082 3551 1112 3606; x_wconf 90' lang='lat' dir='ltr'>in</span> <span class='ocrx_word' id='word_1_315' title='bbox 1134 3551 1218 3608; x_wconf 90' lang='lat' dir='ltr'>nulla</span> <span class='ocrx_word' id='word_1_316' title='bbox 1242 3551 1344 3626; x_wconf 90' lang='lat' dir='ltr'>lingua</span> <span class='ocrx_word' id='word_1_317' title='bbox 1366 3550 1426 3608; x_wconf 86' lang='lat' dir='ltr'>alia</span> <span class='ocrx_word' id='word_1_318' title='bbox 1441 3552 1538 3609; x_wconf 86' lang='lat' dir='ltr'>istam</span> 
     </span>
     <span class='ocr_line' id='line_1_32' title="bbox 235 3651 1539 3726; baseline 0.004 -22"><span class='ocrx_word' id='word_1_319' title='bbox 235 3651 395 3706; x_wconf 88' lang='lat' dir='ltr'>verborum</span> <span class='ocrx_word' id='word_1_320' title='bbox 418 3652 553 3724; x_wconf 90' lang='lat' dir='ltr'>speciem</span> <span class='ocrx_word' id='word_1_321' title='bbox 577 3651 663 3706; x_wconf 92' lang='lat' dir='ltr'>simul</span> <span class='ocrx_word' id='word_1_322' title='bbox 687 3669 723 3706; x_wconf 88' lang='lat' dir='ltr'>ac</span> <span class='ocrx_word' id='word_1_323' title='bbox 745 3659 933 3725; x_wconf 88' lang='lat' dir='ltr'>potestatem</span> <span class='ocrx_word' id='word_1_324' title='bbox 966 3669 1060 3726; x_wconf 90' lang='lat' dir='ltr'>posse</span> <span class='ocrx_word' id='word_1_325' title='bbox 1094 3653 1243 3709; x_wconf 87' lang='lat' dir='ltr'>renovari.</span> <span class='ocrx_word' id='word_1_326' title='bbox 1288 3653 1420 3708; x_wconf 88' lang='lat' dir='ltr'>breviter</span> <span class='ocrx_word' id='word_1_327' title='bbox 1440 3652 1539 3726; x_wconf 89' lang='lat' dir='ltr'>igitur</span> 
     </span>
     <span class='ocr_line' id='line_1_33' title="bbox 235 3748 1538 3828; baseline 0.008 -24"><span class='ocrx_word' id='word_1_328' title='bbox 235 3751 293 3805; x_wconf 92' lang='lat' dir='ltr'>vim</span> <span class='ocrx_word' id='word_1_329' title='bbox 318 3751 440 3825; x_wconf 90' lang='lat' dir='ltr'>singulis</span> <span class='ocrx_word' id='word_1_330' title='bbox 465 3751 562 3807; x_wconf 89' lang='lat' dir='ltr'>verbis</span> <span class='ocrx_word' id='word_1_331' title='bbox 587 3751 755 3806; x_wconf 89' lang='lat' dir='ltr'>subiectam</span> <span class='ocrx_word' id='word_1_332' title='bbox 780 3752 947 3809; x_wconf 84' lang='lat' dir='ltr'>adnotabo,</span> <span class='ocrx_word' id='word_1_333' title='bbox 995 3753 1098 3807; x_wconf 82' lang='lat' dir='ltr'>tarsitu</span> <span class='ocrx_word' id='word_1_334' title='bbox 1123 3761 1251 3811; x_wconf 87' lang='lat' dir='ltr'>terreto:</span> <span class='ocrx_word' id='word_1_335' title='bbox 1287 3748 1420 3827; x_wconf 81' lang='grc' dir='ltr'>ἔτερσεν</span> <span class='ocrx_word' id='word_1_336' title='bbox 1454 3749 1538 3828; x_wconf 85' lang='grc' dir='ltr'>ἐφό-</span> 
     </span>
     <span class='ocr_line' id='line_1_34' title="bbox 236 3837 1537 3928; baseline 0.001 -19"><span class='ocrx_word' id='word_1_337' title='bbox 236 3851 335 3925; x_wconf 86' lang='grc' dir='ltr'>βησεν</span> <span class='ocrx_word' id='word_1_338' title='bbox 358 3850 541 3926; x_wconf 85' lang='lat' dir='ltr'>Hesychius,</span> <span class='ocrx_word' id='word_1_339' title='bbox 564 3848 718 3925; x_wconf 85' lang='grc' dir='ltr'>παρθένοι</span> <span class='ocrx_word' id='word_1_340' title='bbox 741 3847 844 3925; x_wconf 89' lang='grc' dir='ltr'>μάχας</span> <span class='ocrx_word' id='word_1_341' title='bbox 869 3837 1020 3926; x_wconf 79' lang='grc' dir='ltr'>ἄτρεστοι</span> <span class='ocrx_word' id='word_1_342' title='bbox 1048 3852 1217 3927; x_wconf 81' lang='lat' dir='ltr'>Aeschylus</span> <span class='ocrx_word' id='word_1_343' title='bbox 1241 3864 1273 3909; x_wconf 91' lang='lat' dir='ltr'>ut</span> <span class='ocrx_word' id='word_1_344' title='bbox 1296 3855 1347 3912; x_wconf 89' lang='lat' dir='ltr'>lat.</span> <span class='ocrx_word' id='word_1_345' title='bbox 1370 3861 1465 3928; x_wconf 86' lang='lat' dir='ltr'>poeta</span> <span class='ocrx_word' id='word_1_346' title='bbox 1486 3855 1537 3910; x_wconf 80' lang='lat' dir='ltr'>in-</span> 
     </span>
     <span class='ocr_line' id='line_1_35' title="bbox 235 3953 1539 4026; baseline 0.005 -19"><span class='ocrx_word' id='word_1_347' title='bbox 235 3953 338 4008; x_wconf 84' lang='lat' dir='ltr'>territa</span> <span class='ocrx_word' id='word_1_348' title='bbox 362 3953 421 4010; x_wconf 88' lang='lat' dir='ltr'>leti.</span> <span class='ocrx_word' id='word_1_349' title='bbox 467 3953 543 4008; x_wconf 88' lang='lat' dir='ltr'>inira</span> <span class='ocrx_word' id='word_1_350' title='bbox 565 3954 710 4009; x_wconf 90' lang='lat' dir='ltr'>iuvencas</span> <span class='ocrx_word' id='word_1_351' title='bbox 734 3954 856 4009; x_wconf 90' lang='lat' dir='ltr'>tursitas</span> <span class='ocrx_word' id='word_1_352' title='bbox 880 3954 979 4026; x_wconf 89' lang='lat' dir='ltr'>leges,</span> <span class='ocrx_word' id='word_1_353' title='bbox 1008 3954 1117 4009; x_wconf 88' lang='lat' dir='ltr'>bovem</span> <span class='ocrx_word' id='word_1_354' title='bbox 1139 3955 1274 4010; x_wconf 91' lang='lat' dir='ltr'>territum</span> <span class='ocrx_word' id='word_1_355' title='bbox 1296 3956 1326 4009; x_wconf 91' lang='lat' dir='ltr'>in</span> <span class='ocrx_word' id='word_1_356' title='bbox 1348 3954 1435 4010; x_wconf 90' lang='lat' dir='ltr'>Livio</span> <span class='ocrx_word' id='word_1_357' title='bbox 1459 3953 1539 4013; x_wconf 89' lang='lat' dir='ltr'>XXI</span> 
     </span>
     <span class='ocr_line' id='line_1_36' title="bbox 236 4053 1538 4132; baseline 0.001 -22"><span class='ocrx_word' id='word_1_358' title='bbox 236 4053 285 4118; x_wconf 78' lang='lat'>62,</span> <span class='ocrx_word' id='word_1_359' title='bbox 298 4056 325 4110; x_wconf 84' lang='lat'>3.</span> <span class='ocrx_word' id='word_1_360' title='bbox 363 4054 478 4107; x_wconf 75' lang='lat' dir='ltr'>tremite</span> <span class='ocrx_word' id='word_1_361' title='bbox 501 4054 705 4110; x_wconf 87' lang='lat' dir='ltr'>tremefacito:</span> <span class='ocrx_word' id='word_1_362' title='bbox 729 4072 792 4110; x_wconf 88' lang='lat' dir='ltr'>non</span> <span class='ocrx_word' id='word_1_363' title='bbox 816 4056 933 4111; x_wconf 89' lang='lat' dir='ltr'>absona</span> <span class='ocrx_word' id='word_1_364' title='bbox 950 4055 1065 4110; x_wconf 89' lang='lat' dir='ltr'>Ennius</span> <span class='ocrx_word' id='word_1_365' title='bbox 1088 4056 1129 4110; x_wconf 89' lang='lat' dir='ltr'>ita</span> <span class='ocrx_word' id='word_1_366' title='bbox 1153 4057 1326 4128; x_wconf 89' lang='lat' dir='ltr'>composuit</span> <span class='ocrx_word' id='word_1_367' title='bbox 1345 4054 1453 4132; x_wconf 76' lang='lat' dir='ltr'>Africa</span> <span class='ocrx_word' id='word_1_368' title='bbox 1475 4060 1538 4111; x_wconf 88' lang='lat' dir='ltr'>ter·</span> 
     </span>
     <span class='ocr_line' id='line_1_37' title="bbox 235 4150 1537 4229; baseline 0.005 -22"><span class='ocrx_word' id='word_1_369' title='bbox 235 4152 328 4208; x_wconf 76' lang='lat' dir='ltr'>re&#39;be‘lz&#39;</span> <span class='ocrx_word' id='word_1_370' title='bbox 346 4155 443 4209; x_wconf 84' lang='lat' dir='ltr'>tremit</span> <span class='ocrx_word' id='word_1_371' title='bbox 462 4154 584 4209; x_wconf 77' lang='lat' dir='ltr'>horrida</span> <span class='ocrx_word' id='word_1_372' title='bbox 607 4161 687 4210; x_wconf 84' lang='lat' dir='ltr'>terre</span> <span class='ocrx_word' id='word_1_373' title='bbox 710 4157 845 4220; x_wconf 71' lang='lat' dir='ltr'>tramitte,</span> <span class='ocrx_word' id='word_1_374' title='bbox 880 4156 1032 4212; x_wconf 90' lang='lat' dir='ltr'>Homerus</span> <span class='ocrx_word' id='word_1_375' title='bbox 1056 4152 1125 4229; x_wconf 86' lang='grc' dir='ltr'>μήτ’</span> <span class='ocrx_word' id='word_1_376' title='bbox 1150 4150 1189 4229; x_wconf 86' lang='grc' dir='ltr'>ἄρ</span> <span class='ocrx_word' id='word_1_377' title='bbox 1212 4172 1241 4214; x_wconf 82' lang='grc' dir='ltr'>τι</span> <span class='ocrx_word' id='word_1_378' title='bbox 1265 4152 1334 4228; x_wconf 86' lang='grc' dir='ltr'>λίην</span> <span class='ocrx_word' id='word_1_379' title='bbox 1355 4151 1427 4228; x_wconf 85' lang='grc' dir='ltr'>τρέε</span> <span class='ocrx_word' id='word_1_380' title='bbox 1453 4150 1537 4228; x_wconf 87' lang='grc' dir='ltr'>μήτε</span> 
     </span>
     <span class='ocr_line' id='line_1_38' title="bbox 235 4249 1538 4332; baseline 0.002 -20"><span class='ocrx_word' id='word_1_381' title='bbox 235 4271 263 4312; x_wconf 86' lang='grc' dir='ltr'>τι</span> <span class='ocrx_word' id='word_1_382' title='bbox 286 4249 404 4329; x_wconf 81' lang='grc' dir='ltr'>τάρβει.</span> <span class='ocrx_word' id='word_1_383' title='bbox 447 4255 540 4312; x_wconf 77' lang='lat' dir='ltr'>hunda</span> <span class='ocrx_word' id='word_1_384' title='bbox 563 4257 635 4313; x_wconf 90' lang='lat' dir='ltr'>nolo</span> <span class='ocrx_word' id='word_1_385' title='bbox 660 4257 760 4312; x_wconf 91' lang='lat' dir='ltr'>divelli</span> <span class='ocrx_word' id='word_1_386' title='bbox 783 4258 821 4312; x_wconf 88' lang='lat' dir='ltr'>ab</span> <span class='ocrx_word' id='word_1_387' title='bbox 844 4257 984 4313; x_wconf 75' lang='lat' dir='ltr'>irrideam</span> <span class='ocrx_word' id='word_1_388' title='bbox 1005 4258 1120 4312; x_wconf 79' lang='lat' dir='ltr'>herrdre</span> <span class='ocrx_word' id='word_1_389' title='bbox 1145 4257 1275 4332; x_wconf 63' lang='lat' dir='ltr'>tiufumo</span> <span class='ocrx_word' id='word_1_390' title='bbox 1299 4251 1401 4331; x_wconf 82' lang='lat' dir='ltr'>inira),</span> <span class='ocrx_word' id='word_1_391' title='bbox 1432 4254 1538 4315; x_wconf 83' lang='lat' dir='ltr'>Hunte</span> 
     </span>
     <span class='ocr_line' id='line_1_39' title="bbox 239 4355 1537 4424; baseline 0.004 -15"><span class='ocrx_word' id='word_1_392' title='bbox 239 4356 320 4411; x_wconf 83' lang='lat' dir='ltr'>laaz&#39;e</span> <span class='ocrx_word' id='word_1_393' title='bbox 343 4374 411 4413; x_wconf 91' lang='lat' dir='ltr'>curn</span> <span class='ocrx_word' id='word_1_394' title='bbox 434 4356 549 4412; x_wconf 88' lang='lat' dir='ltr'>faciunt</span> <span class='ocrx_word' id='word_1_395' title='bbox 571 4357 672 4413; x_wconf 88' lang='lat' dir='ltr'>catulo</span> <span class='ocrx_word' id='word_1_396' title='bbox 696 4357 781 4424; x_wconf 85' lang='lat' dir='ltr'>HA,</span> <span class='ocrx_word' id='word_1_397' title='bbox 814 4356 885 4412; x_wconf 85' lang='lat' dir='ltr'>inihi</span> <span class='ocrx_word' id='word_1_398' title='bbox 909 4359 1049 4413; x_wconf 91' lang='lat' dir='ltr'>videntur</span> <span class='ocrx_word' id='word_1_399' title='bbox 1071 4357 1231 4413; x_wconf 88' lang='lat' dir='ltr'>instituere</span> <span class='ocrx_word' id='word_1_400' title='bbox 1254 4356 1386 4423; x_wconf 78' lang='lat' dir='ltr'>inferias,</span> <span class='ocrx_word' id='word_1_401' title='bbox 1420 4355 1537 4414; x_wconf 82' lang='lat' dir='ltr'>huntak</span> 
     </span>
     <span class='ocr_line' id='line_1_40' title="bbox 237 4456 1538 4531; baseline 0.003 -20"><span class='ocrx_word' id='word_1_402' title='bbox 237 4457 308 4511; x_wconf 78' lang='lat' dir='ltr'>arete</span> <span class='ocrx_word' id='word_1_403' title='bbox 331 4458 448 4531; x_wconf 89' lang='lat' dir='ltr'>accipio</span> <span class='ocrx_word' id='word_1_404' title='bbox 473 4459 627 4530; x_wconf 87' lang='lat' dir='ltr'>quendam</span> <span class='ocrx_word' id='word_1_405' title='bbox 648 4459 678 4512; x_wconf 92' lang='lat' dir='ltr'>in</span> <span class='ocrx_word' id='word_1_406' title='bbox 702 4460 781 4514; x_wconf 87' lang='lat' dir='ltr'>aede</span> <span class='ocrx_word' id='word_1_407' title='bbox 805 4457 929 4526; x_wconf 90' lang='lat' dir='ltr'>sontem,</span> <span class='ocrx_word' id='word_1_408' title='bbox 954 4478 970 4513; x_wconf 89' lang='lat' dir='ltr'>e</span> <span class='ocrx_word' id='word_1_409' title='bbox 994 4459 1093 4515; x_wconf 90' lang='lat' dir='ltr'>latinis</span> <span class='ocrx_word' id='word_1_410' title='bbox 1118 4459 1287 4531; x_wconf 89' lang='lat' dir='ltr'>respondet</span> <span class='ocrx_word' id='word_1_411' title='bbox 1310 4457 1439 4513; x_wconf 84' lang='lat' dir='ltr'>fortasse</span> <span class='ocrx_word' id='word_1_412' title='bbox 1463 4456 1538 4518; x_wconf 79' lang='lat' dir='ltr'><em>fun-</em></span> 
     </span>
    </p>
   </div>
   <div class='ocr_carea' id='block_1_4' title="bbox 238 4559 1537 4638">
    <p class='ocr_par' dir='ltr' id='par_1_5' title="bbox 238 4559 1537 4638">
     <span class='ocr_line' id='line_1_41' title="bbox 238 4559 1537 4638; baseline 0.003 -26"><span class='ocrx_word' id='word_1_413' title='bbox 238 4559 306 4613; x_wconf 82' lang='lat' dir='ltr'>dite:</span> <span class='ocrx_word' id='word_1_414' title='bbox 341 4561 369 4614; x_wconf 90' lang='lat' dir='ltr'>iu</span> <span class='ocrx_word' id='word_1_415' title='bbox 393 4561 526 4615; x_wconf 88' lang='lat' dir='ltr'>carmine</span> <span class='ocrx_word' id='word_1_416' title='bbox 549 4560 721 4634; x_wconf 91' lang='lat' dir='ltr'>triumphali</span> <span class='ocrx_word' id='word_1_417' title='bbox 744 4570 980 4635; x_wconf 88' lang='lat' dir='ltr'>composuerant</span> <span class='ocrx_word' id='word_1_418' title='bbox 1002 4559 1114 4635; x_wconf 79' lang='lat' dir='ltr'>stendit</span> <span class='ocrx_word' id='word_1_419' title='bbox 1124 4560 1224 4638; x_wconf 82' lang='lat' dir='ltr'>suget</span> <span class='ocrx_word' id='word_1_420' title='bbox 1239 4559 1404 4633; x_wconf 76' lang='lat' dir='ltr'>prosternit</span> <span class='ocrx_word' id='word_1_421' title='bbox 1424 4577 1537 4616; x_wconf 76' lang='lat' dir='ltr'>retexu-</span> 
     </span>
    </p>
   </div>
   <div class='ocr_carea' id='block_1_5' title="bbox 237 4659 1539 4736">
    <p class='ocr_par' dir='ltr' id='par_1_6' title="bbox 237 4659 1539 4736">
     <span class='ocr_line' id='line_1_42' title="bbox 237 4659 1539 4736; baseline 0.007 -24"><span class='ocrx_word' id='word_1_422' title='bbox 237 4676 298 4712; x_wconf 81' lang='lat' dir='ltr'>mes</span> <span class='ocrx_word' id='word_1_423' title='bbox 320 4661 452 4732; x_wconf 74' lang='lat' dir='ltr'>legiones.</span> <span class='ocrx_word' id='word_1_424' title='bbox 496 4659 577 4715; x_wconf 78' lang='lat' dir='ltr'>trulla</span> <span class='ocrx_word' id='word_1_425' title='bbox 601 4679 669 4716; x_wconf 90' lang='lat' dir='ltr'>cum</span> <span class='ocrx_word' id='word_1_426' title='bbox 691 4679 814 4736; x_wconf 85' lang='lat' dir='ltr'>prorsus</span> <span class='ocrx_word' id='word_1_427' title='bbox 838 4664 976 4736; x_wconf 90' lang='lat' dir='ltr'>ignotum</span> <span class='ocrx_word' id='word_1_428' title='bbox 1004 4663 1042 4718; x_wconf 91' lang='lat' dir='ltr'>sit</span> <span class='ocrx_word' id='word_1_429' title='bbox 1075 4680 1111 4717; x_wconf 89' lang='lat' dir='ltr'>ac</span> <span class='ocrx_word' id='word_1_430' title='bbox 1146 4662 1326 4729; x_wconf 84' lang='lat' dir='ltr'>solitarium,</span> <span class='ocrx_word' id='word_1_431' title='bbox 1359 4661 1464 4717; x_wconf 88' lang='lat' dir='ltr'>nescio</span> <span class='ocrx_word' id='word_1_432' title='bbox 1495 4682 1539 4722; x_wconf 88' lang='lat' dir='ltr'>an</span> 
     </span>
    </p>
   </div>
   <div class='ocr_carea' id='block_1_6' title="bbox 0 0 1882 5364">
    <p class='ocr_par' dir='ltr' id='par_1_7' title="bbox 0 0 1882 5364">
     <span class='ocr_line' id='line_1_43' title="bbox 0 0 1882 5364; baseline 0 0"><span class='ocrx_word' id='word_1_433' title='bbox 0 0 1882 5364; x_wconf 95' lang='lat' dir='ltr'> </span> 
     </span>
    </p>
   </div>
  </div>
 </body>
</html>
