3742 5364
228 324 323 389 ΙΙΑ16
839 331 899 388 130

231 515 365 583 nomine,
389 514 528 572 breviore
551 514 648 572 forma
670 521 703 570 ut
714 512 818 571 Vmbri
842 531 933 588 quam
954 514 1086 571 Romani
1108 523 1265 572 uterentur
1287 522 1319 572 et
1341 515 1538 573 murmuras

231 626 378 673 vocarent
399 634 473 690 quas
497 615 537 671 illi
559 616 768 672 intermestres
791 614 838 670 vel
861 615 1121 674 intermenstruas,
1167 616 1290 674 lunares
1321 616 1389 674 dies
1411 625 1536 691 quanto

230 717 331 772 studio
352 718 453 791 prisca
474 733 551 790 gens
573 716 746 773 mortalium
769 717 954 781 observarit,
989 724 1104 790 quanto
1140 734 1234 791 opere
1262 717 1295 774 in
1325 718 1440 793 capillo
1464 727 1537 776 ton·

229 817 336 873 dendo
360 817 487 891 aliisque
508 817 655 890 gerundis
687 817 779 872 rebus
808 815 918 890 quibus
946 817 1136 874 incrementa
1161 816 1259 874 fausta
1288 818 1441 893 optabant
1465 838 1532 877 non

230 918 328 975 solum
351 918 455 975 rustici
480 919 537 974 sed
560 916 656 973 Varro
679 925 711 973 et
734 916 877 973 Tiberius
900 915 1015 974 Caesar
1038 918 1159 975 vitarint
1189 918 1352 976 interlunia
1375 938 1412 978 ac
1435 921 1535 979 silen-

231 1031 293 1079 tem
317 1022 433 1088 Ianam,
455 1020 561 1077 inutile
584 1021 702 1077 videtur
724 1037 888 1094 exponere.
931 1021 1063 1077 ominosi
1087 1020 1118 1076 hi
1147 1022 1214 1078 dies
1244 1022 1536 1096 convenientesque

183 1153 184 1156 =
230 1120 401 1177 distuleris
425 1139 462 1178 ac
485 1120 640 1177 feralibus:
662 1116 785 1194 ἡμέρας
802 1115 966 1194 ληγούσης
981 1117 1034 1179 καὶ
1049 1117 1151 1195 μηνὸς
1173 1117 1350 1196 φθίνοντος
1373 1116 1534 1182 εἰώθασιν

231 1217 388 1294 ἐναγίζειν
411 1217 442 1282 οί
463 1217 579 1282 πολλοί
601 1230 634 1277 ut
657 1220 836 1279 Plutarchus
859 1228 989 1278 testatur
1015 1240 1043 1296 q.
1066 1240 1140 1281 rom.
1164 1225 1214 1282 34.
1248 1222 1362 1281 Graeci
1384 1223 1536 1281 extremis

230 1324 381 1380 mensium
410 1323 520 1381 diebus
551 1322 690 1380 Hecatae
716 1339 808 1379 cenas
846 1321 985 1380 ferebant
1017 1321 1211 1395 (Athenaeus
1234 1323 1293 1380 VII
1316 1344 1345 1400 p.
1369 1321 1466 1401 325²)
1499 1332 1537 1385 et

231 1426 356 1501 quidem
386 1425 505 1500 vesperi
540 1421 649 1499 (schol.
674 1422 828 1498 Aristoph.
853 1424 931 1482 Plut.
956 1423 1041 1498 594),
1075 1424 1205 1482 Athenis
1239 1420 1329 1500 ἰδίως
1355 1424 1536 1487 καλοῦνται

229 1522 400 1601 τριακάδες
422 1522 473 1586 ἐπὶ
495 1524 561 1586 τῶν
583 1521 871 1599 τετελευτηκότων,
906 1527 978 1599 quia
1008 1527 1179 1600 parentalia
1206 1534 1270 1583 tum
1297 1527 1434 1601 agebant
1466 1527 1536 1585 vice

230 1627 381 1704 proverbii
405 1629 596 1684 celebrarunt
617 1624 676 1701 τὰς
699 1623 735 1688 ἐν
757 1622 839 1705 ᾅδου
862 1621 1053 1701 τριακάδας,
1076 1628 1161 1702 plura
1185 1629 1271 1685 dabit
1298 1626 1536 1686 Schoemanuus

231 1729 313 1786 Isaei
333 1748 363 1804 p.
377 1731 449 1788 219.
483 1738 619 1785 ceterum
635 1729 781 1803 quoniam
796 1729 827 1784 in
843 1736 1012 1802 temporum
1028 1728 1184 1785 vocabulis
1201 1745 1437 1797 commoramur,
1459 1729 1537 1787 licet

231 1830 303 1886 nulli
327 1830 393 1886 usui
419 1830 458 1886 sit
473 1831 513 1907 ad
529 1829 738 1886 definiendum
754 1830 838 1885 ustr'le
861 1837 913 1885 aut
933 1820 1075 1897 iersz'aru,
1099 1830 1158 1886 hoc
1173 1848 1237 1886 non
1253 1830 1429 1904 praeteribo
1447 1830 1535 1887 diem

231 1930 262 1985 in
285 1929 409 1987 Vmbria
431 1931 593 2005 plerosque
616 1932 760 1987 statuisse
783 1949 802 1988 a
823 1930 949 1986 meridie
972 1932 1014 1986 ad
1036 1930 1194 1986 meridiem
1217 1929 1417 2003 (Censorinus
1440 1929 1509 2004 23).

335 2033 373 2090 16
395 2032 536 2107 privatim
560 2039 612 2089 aut
634 2040 717 2088 certe
739 2049 802 2088 non
826 2030 965 2088 adhibito
988 2030 1110 2088 flamine
1133 2048 1252 2088 sacrum
1281 2031 1341 2089 hoc
1366 2030 1430 2088 fieri
1459 2031 1537 2089 licet

233 2133 258 2189 si
282 2148 343 2188 non
367 2132 507 2189 omnihus
530 2132 698 2200 mensibus,
721 2139 824 2187 tamen
847 2131 982 2205 pluribus
1005 2131 1270 2206 quotienscunque
1292 2123 1400 2189 iersrirs
1418 2133 1452 2189 in
1467 2133 1536 2191 coi-

232 2242 296 2289 tum
318 2233 409 2288 lunae
431 2232 577 2291 incidunt.
616 2231 740 2306 publice
761 2231 912 2288 ilamensi
928 2231 1012 2287 idem
1033 2230 1166 2288 facturus
1182 2241 1239 2300 est,
1262 2233 1360 2307 captis
1383 2233 1535 2309 auspiciis

232 2342 264 2390 et
287 2344 371 2391 certo
394 2350 500 2389 meuse
525 2351 586 2389 uno
610 2333 712 2390 facere
737 2332 864 2389 iubetur.
899 2333 1007 2388 lreriier'
1027 2333 1181 2407 optativus
1197 2334 1367 2408 particulae
1389 2335 1459 2392 loco
1476 2353 1538 2410 po·

232 2436 307 2492 situs
329 2453 384 2510 pro
406 2435 455 2492 uel
476 2433 535 2489 VII
548 2435 575 2490 A
599 2435 628 2501 3,
652 2432 700 2489 hic
722 2434 857 2507 genuina
880 2435 908 2489 vi
930 2434 1087 2508 praeditus
1110 2434 1289 2492 infinitivum
1311 2436 1398 2510 regit.
1442 2453 1537 2511 para·

233 2537 317 2592 taxin
341 2535 420 2592 hanc
444 2535 671 2592 enuntiatorum
694 2551 820 2608 quorum
841 2534 968 2591 alterum
991 2535 1077 2591 alteri
1100 2536 1243 2610 subiungi
1273 2536 1395 2605 debuit,
1427 2554 1536 2595 sermo

233 2637 343 2694 latinus
362 2655 426 2693 non
451 2636 581 2694 servavit
603 2636 660 2692 nisi
682 2636 712 2690 in
735 2635 864 2710 poeticis
888 2644 941 2692 aut
963 2636 988 2692 si
1013 2635 1192 2709 copularent
1214 2637 1287 2692 uelit
1306 2638 1389 2697 nolit.
1429 2640 1535 2697 mensi

233 2737 366 2794 Vmbros
389 2737 460 2794 hinc
482 2738 627 2795 discimus
645 2754 758 2793 nomen
782 2737 930 2794 indidisse
953 2727 1102 2793 kur'slurr'u
1125 2737 1229 2794 exiens
1252 2739 1367 2813 pariter
1381 2757 1418 2797 ac
1437 2739 1538 2797 Ianu-

234 2839 318 2894 arius
326 2837 505 2916 februarius
526 2826 744 2903 intercalariae,
766 2854 829 2893 uon
845 2838 918 2894 illud
935 2839 1060 2912 quidem
1079 2857 1097 2895 a
1113 2839 1216 2895 divino
1233 2840 1356 2896 numine
1378 2849 1538 2915 sumptum

233 2941 290 2996 sed
314 2958 332 2996 a
354 2941 423 2997 loco
446 2957 537 3014 quem
560 2957 616 3013 per
639 2939 732 2995 annui
755 2955 860 2994 cursus
884 2939 1118 3013 dispositionem
1135 2948 1266 2996 nanctus
1285 2948 1359 3016 erat,
1379 2943 1537 3016 quemad·

232 3042 360 3097 modum
383 3038 544 3110 Quinctilis
577 3039 760 3114 September
791 3040 885 3096 ceteri
907 3040 1117 3097 Romanorum
1150 3058 1276 3119 menses
1307 3042 1538 3117 procedentem

233 3159 348 3200 annum
370 3141 478 3198 ordine
501 3159 695 3198 numerorum
717 3140 862 3200 referunt.
907 3159 979 3198 nam
1003 3150 1055 3199 aut
1076 3142 1167 3199 valde
1187 3141 1275 3199 fallor
1298 3150 1351 3199 aut
1373 3143 1540 3201 circlan'us

233 3243 460 3316 intellegendus
484 3252 540 3316 est,
563 3238 581 3302 ὁ
605 3238 771 3303 κυκλὰζων
792 3243 879 3317 isque
895 3243 941 3299 vix
963 3244 1063 3319 potuit
1085 3245 1161 3300 alius
1178 3243 1280 3302 vocari
1302 3261 1394 3319 quam
1416 3245 1469 3318 qui
1484 3263 1539 3301 or·

233 3347 305 3403 bem
327 3363 462 3402 annuum
489 3345 660 3420 compleret
683 3353 715 3401 et
738 3344 927 3413 absolveret,
957 3344 1111 3401 tritissima
1134 3354 1238 3402 autem
1261 3345 1413 3403 veteribus
1435 3342 1539 3419 figura

234 3457 281 3504 est
303 3443 421 3521 κύκλος
445 3442 548 3521 ἡλίου,
571 3442 690 3520 κυκλὰς
712 3441 932 3520 περινίσσεται
955 3441 1035 3519 ὥρα,
1071 3446 1173 3502 circen
1196 3447 1277 3514 solis,
1302 3445 1429 3503 circulus
1450 3447 1538 3506 anni.

233 3556 371 3605 extremo
395 3548 485 3622 igitur
506 3548 578 3604 anni
600 3565 709 3603 mense
722 3546 828 3603 Vmbri
851 3548 1047 3603 sacerdotem
1072 3546 1196 3604 Houtiis
1220 3548 1313 3604 sacris
1337 3547 1456 3622 operari
1481 3563 1539 3604 vo·

234 3650 362 3716 luerunt,
387 3649 471 3723 quod
489 3667 557 3707 eum
574 3650 617 3706 eis
634 3666 713 3723 quae
736 3665 828 3723 supra
847 3649 974 3723 exposui
996 3650 1077 3706 bene
1101 3650 1253 3708 convenit.
1288 3649 1414 3707 etenim
1430 3644 1539 3721 λόγον

234 3745 299 3824 ἔχει
321 3748 390 3835 τοῦ,
410 3747 559 3811 ἐνιαυτοῦ
587 3747 874 3824 καταστρέφοντος
905 3746 940 3809 ἐν
966 3750 1011 3829 τῷ
1044 3746 1219 3830 τελευταίῳ
1247 3746 1320 3824 μηνὶ
1340 3747 1433 3824 τιμᾶν
1454 3746 1539 3826 τοὺς

233 3847 429 3926 τεθνηκότας
453 3849 645 3924 (Plutarchus
670 3870 698 3926 q.
718 3870 792 3912 rom.
806 3845 859 3926 34)
882 3860 914 3908 et
935 3868 1042 3909 menso
1066 3850 1218 3907 februario
1242 3851 1320 3906 deos
1342 3866 1450 3906 manes
1469 3848 1540 3924 pla·

236 3970 306 4010 care
330 3953 464 4010 Romani
498 3954 579 4010 soliti
607 3954 825 4012 continuarunt
856 3952 1031 4011 Parentalia
1058 3953 1177 4009 Feralia
1201 3949 1332 4009 Caristia
1361 3967 1460 4024 usque
1493 3953 1540 4009 ad

235 4054 430 4123 Terminalia,
456 4057 507 4130 qui
531 4057 591 4112 dz'es
612 4057 687 4111 anni
705 4061 853 4111 extremus
868 4057 1046 4122 constritatur,
1071 4054 1253 4110 duodecimus
1268 4053 1342 4109 emin
1356 4051 1462 4108 mensis
1467 4050 1544 4130 sua't

236 4155 420 4212 Februarius
442 4149 555 4228 (Varro
571 4157 587 4214 l.
605 4156 655 4212 lat.
673 4154 717 4210 VI
735 4149 797 4232 13).
835 4157 980 4229 quoniam
1003 4157 1058 4212 sub
1080 4156 1163 4211 idem
1185 4162 1305 4229 tempus
1325 4150 1539 4213 Athenienses

235 4274 341 4313 mense
364 4256 603 4313 Anthesterione
636 4255 725 4312 serias
761 4257 818 4313 ritu
852 4256 969 4313 funebri
992 4258 1128 4330 agebant
1151 4257 1366 4329 mentibusque
1389 4253 1537 4313 humanis

235 4358 316 4415 vices
340 4377 416 4434 quas
439 4366 519 4414 terra
543 4366 573 4413 et
596 4358 660 4431 agri
683 4367 747 4414 tum
770 4359 905 4415 reddunt
928 4359 1056 4415 deorum
1085 4358 1213 4414 inferum
1242 4374 1279 4415 ac
1299 4354 1438 4412 Manium
1463 4355 1540 4414 reli·

235 4459 358 4532 gionem
374 4461 453 4517 ultro
470 4461 630 4528 incutiunt,
654 4478 673 4516 a
688 4460 854 4516 Februario
878 4469 909 4516 et
924 4460 1127 4517 Anthesteriis
1143 4477 1207 4515 non
1221 4458 1348 4514 multum
1363 4455 1541 4515 dissedisse

237 4577 375 4617 mensem
398 4553 578 4617 kurilarr'um
601 4570 634 4617 et
656 4570 688 4616 ut
717 4569 789 4617 ante
819 4559 985 4618 Caesarem
1009 4561 1155 4618 Romanis
1179 4560 1323 4618 Martium
1345 4559 1389 4614 ita
1411 4556 1542 4617 Vmbris

238 4676 360 4733 quoque
385 4679 511 4717 vernum
535 4671 654 4735 tempus
688 4661 759 4717 anni
792 4662 863 4717 novi
894 4662 1011 4717 initium
1039 4661 1133 4717 fuisse
1157 4662 1286 4719 conicio
1333 4659 1410 4715 decet
1428 4658 1543 4719 Latini
