3742 5364
698 362 757 420 143
1301 360 1377 419 ΙΙΒΒ

75 543 159 608 ietu.
204 543 359 607 sevakne
391 550 526 604 natatu.
576 539 673 602 arviu
698 537 701 621 l
722 567 734 604 o
755 545 826 604 cito.
871 545 1050 602 sollemnem
1093 553 1225 605 narrato.
1271 539 1378 623 arvial

77 655 207 719 ustetu,
235 666 278 708 eu
300 652 425 716 natatu
445 663 534 725 pure
557 637 701 704 labefele
754 642 912 714 adhibeto,
929 663 966 702 ea
981 656 1103 704 narrato
1119 649 1206 721 quasi
1223 647 1375 705 sacritica-

76 853 121 910 rei
143 870 234 928 quam
254 870 365 909 venum
387 852 492 908 datam
514 849 627 907 abillo
652 848 704 923 qui
726 848 869 905 dominus
892 865 956 905 non
979 847 1032 906 fuit
1056 849 1262 924 traditamque
1284 866 1369 926 emp·

77 955 137 1012 tori
161 954 304 1012 dominus
333 953 389 1010 sibi
411 952 546 1009 vindicat
568 960 600 1008 et
622 950 776 1007 redhiberi
798 950 944 1025 postulat.
987 968 1089 1024 neque
1111 950 1171 1007 hoc
1194 951 1375 1009 incredibile

76 1065 165 1131 put0,
188 1056 371 1113 evictionem
392 1054 526 1111 Vmbros
546 1053 699 1110 vocitasse
721 1070 790 1109 cum
813 1069 876 1107 rem
899 1069 937 1108 ex
961 1052 1024 1109 iure
1047 1052 1229 1127 legibusque
1252 1055 1313 1111 suis
1337 1056 1376 1112 ab

79 1157 144 1214 aliis
168 1157 347 1214 adsererent
369 1155 573 1229 mancupiove
597 1154 782 1229 acciperent,
804 1170 906 1226 neque
929 1153 1013 1221 illud,
1037 1171 1128 1228 quam
1151 1155 1181 1210 in
1203 1155 1266 1212 iure
1288 1133 1384 1212 adhi·'

77 1257 201 1314 buerint
221 1257 479 1333 mancipationem
501 1255 682 1313 translatam
704 1254 798 1311 etiam
820 1256 861 1311 ad
885 1271 972 1311 sacra
993 1271 1073 1323 esse,
1101 1263 1134 1311 ut
1156 1255 1268 1313 animal
1292 1257 1378 1331 quod

77 1361 120 1416 ad
142 1360 175 1416 id
197 1367 318 1434 tempus
341 1358 373 1414 in
395 1357 484 1414 unius
509 1356 640 1413 hominis
660 1363 817 1431 potestate
847 1354 954 1412 fuisset
976 1356 1162 1413 sollemniter
1185 1357 1377 1414 vindicarent

77 1462 276 1536 priusquam
298 1459 399 1516 hostia
422 1460 484 1516 deo
506 1458 665 1514 offerretur
686 1475 741 1532 pro
765 1474 797 1513 re
820 1457 984 1514 communi.
1041 1456 1237 1514 vehementer
1265 1458 1375 1515 dubito

77 1579 119 1618 an
151 1569 315 1636 cognatum
337 1560 407 1617 huic
430 1561 522 1617 verbo
546 1559 585 1616 sit
607 1559 731 1616 latinum
755 1558 893 1615 victimae
915 1575 1044 1623 nomen,
1068 1559 1153 1632 quod
1176 1559 1278 1616 Aelius
1302 1558 1376 1616 Stilo

77 1682 97 1719 a
119 1663 223 1738 vigore
245 1662 329 1719 vituli
351 1662 477 1718 ductum
497 1677 567 1717 esse
590 1660 770 1728 tradiderat,
796 1659 847 1715 alii
864 1661 948 1734 quod
964 1659 1065 1716 vincta
1081 1661 1246 1717 duceretur
1269 1662 1311 1718 ad
1333 1663 1376 1719 al·

78 1775 146 1822 tare
168 1773 221 1822 aut
243 1763 326 1838 quod
350 1763 390 1819 ob
414 1762 510 1819 hostis
532 1761 629 1818 victos
652 1760 868 1826 immolaretur,
895 1779 954 1817 nec
973 1762 1098 1818 meliora
1120 1760 1166 1818 his
1190 1778 1270 1836 quae
1294 1763 1376 1837 apud

78 1867 206 1923 Festum
227 1867 370 1939 leguntur
392 1872 496 1921 nostra
518 1872 612 1921 aetas·
629 1870 805 1920 commenta
828 1871 885 1918 est.
919 1879 982 1919 non
1005 1863 1107 1919 solent
1123 1862 1247 1937 quidem
1262 1863 1293 1919 in
1316 1863 1377 1920 vic-

77 1969 159 2025 timis
182 1967 334 2023 numerari
357 1981 409 2022 sus
429 1973 460 2021 et
482 1982 585 2039 caper,
607 1965 664 2020 sed
680 1963 824 2037 quoniam
848 1963 908 2019 hoc
930 1964 1026 2020 solum
1046 1971 1169 2021 constat
1190 1960 1230 2023 τὰ
1253 1958 1376 2037 μεγάλα

77 2064 204 2142 θύματα
226 2085 264 2123 eo
287 2066 411 2122 nomine
434 2082 504 2122 esse
527 2073 685 2139 usurpata,
708 2065 854 2122 maiestas
884 2063 956 2120 mihi
979 2065 1104 2138 quidem
1125 2083 1164 2122 ex
1187 2065 1232 2122 his
1256 2065 1377 2123 sollem-

76 2169 169 2225 nibus
191 2168 331 2224 redolere
354 2167 473 2223 videtur
495 2184 585 2241 quam
608 2165 749 2224 maxima.
799 2172 870 2240 post
891 2183 977 2222 suem
1000 2167 1060 2222 deo
1085 2165 1187 2240 fruges
1211 2166 1378 2224 offeruntur

77 2270 240 2343 verbisque
257 2269 439 2325 dedicantur
461 2275 607 2341 tanquam
630 2267 750 2341 integra
773 2284 810 2323 ac
832 2267 988 2324 sollemnis
1006 2266 1107 2323 hostia
1127 2267 1233 2346 maior,
1254 2268 1378 2324 sevakne

76 2372 160 2428 enim
182 2370 230 2427 hic
252 2371 311 2426 vim
335 2369 429 2426 habet
450 2368 665 2443 appellativam
688 2376 721 2425 ut
743 2367 837 2424 VlIB
856 2372 871 2427 1
897 2364 940 2444 (p.
959 2361 1043 2447 117).

179 2475 197 2531 9
219 2470 298 2545 puni
318 2469 489 2526 diutissime
513 2467 661 2525 haesitavi
684 2478 784 2525 utrum
807 2469 941 2543 potionis
963 2487 1003 2525 an
1026 2469 1187 2527 suffitionis
1211 2486 1307 2544 genus
1331 2469 1376 2526 in·

77 2574 267 2647 tellegerem,
292 2589 391 2646 eaque
414 2572 495 2628 adeo
517 2571 659 2626 vincebat
682 2571 837 2628 sententia
870 2579 904 2627 ut
936 2581 985 2628 tus
1011 2588 1079 2628 esse
1102 2571 1270 2642 crederem,
1305 2570 1376 2645 quia

75 2675 275 2749 neglexeram
291 2673 390 2730 locum
405 2671 450 2727 IV
463 2673 502 2731 33
525 2672 675 2746 deceptus
697 2689 905 2747 praepropera
921 2672 1074 2728 editorum
1089 2673 1266 2729 coniectura
1282 2681 1378 2746 punes

75 2778 109 2833 in
126 2782 232 2850 pantes
252 2774 445 2832 mutantium.
493 2773 518 2829 is
551 2790 620 2829 cum
651 2773 805 2829 suffitione
838 2773 922 2829 nullo
955 2781 1046 2847 pacto
1078 2773 1232 2830 conciliari
1262 2781 1375 2849 potest.

75 2877 233 2933 accedunt
255 2874 322 2933 alia.
367 2892 438 2931 nam
460 2874 546 2947 quod
568 2873 634 2929 heri
646 2874 727 2948 puni
740 2873 809 2929 heri
828 2874 900 2930 aima
923 2891 1011 2930 sacra
1035 2873 1165 2948 plurima
1182 2873 1245 2929 fieri
1270 2874 1377 2930 iuben·

74 2988 136 3044 tur,
158 2977 253 3034 multo
276 2975 463 3051 probabilius
486 2982 534 3031 est
556 2975 686 3032 similem
710 2975 780 3031 vino
805 2975 954 3049 liquorem
977 2975 1133 3049 designari
1156 2992 1248 3048 quam
1274 2976 1379 3050 dispar

75 3079 149 3136 huic
169 3078 286 3135 muneri
309 3078 476 3135 tusculum:
501 3086 566 3133 ture
583 3085 613 3133 et
630 3077 699 3133 vino
717 3076 849 3133 Romani
867 3075 1039 3133 sacrificare
1055 3075 1166 3143 solent,
1189 3077 1273 3150 apud
1287 3075 1378 3133 Plau·

75 3190 145 3238 tum
168 3181 238 3238 Lari
261 3180 363 3254 puella
386 3185 523 3235 culture
559 3183 612 3234 aut
631 3179 697 3235 vrbo
730 3184 783 3233 αιιί
804 3178 910 3251 aliqui
923 3186 1032 3251 semper
1052 3178 1198 3251 supplicat
1217 3196 1273 3253 per
1295 3179 1376 3235 vices

76 3283 208 3349 dierum,
240 3297 333 3336 unum
364 3280 509 3353 idemque
532 3296 654 3336 sacrum
688 3278 734 3333 vel
759 3286 824 3335 ture
860 3278 906 3334 vel
929 3279 999 3335 vino
1027 3278 1162 3335 faciundi
1188 3287 1377 3352 potestatem

76 3381 174 3439 fuisse
197 3398 258 3456 quo
281 3381 511 3437 demonstretur
533 3380 705 3453 exemplum
725 3396 786 3435 non
810 3381 909 3438 adest.
945 3396 1035 3454 porro
1057 3397 1127 3436 cum
1143 3388 1221 3453 pone
1243 3380 1273 3436 in
1289 3380 1376 3438 novis

75 3483 189 3541 tabulis
212 3483 358 3557 scriptum
381 3482 421 3539 sit
443 3483 528 3555 quod
550 3482 579 3537 in
604 3481 758 3537 veteribus
775 3490 865 3554 pune,
890 3480 1003 3536 nullam
1025 3481 1086 3538 iam
1108 3481 1169 3538 hoc
1192 3481 1376 3538 vocabulum

76 3584 309 3641 similitudinem
330 3582 423 3639 habet
439 3599 509 3639 cum
524 3582 653 3655 purust‘a
676 3589 730 3638 aut
746 3581 856 3638 ceteris
873 3582 982 3656 quibus
996 3583 1087 3656 ignea
1103 3590 1247 3639 notentur
1269 3585 1377 3642 verbis

78 3695 186 3742 contra
208 3703 226 3742 a
244 3695 296 3759 po·
317 3686 401 3741 unde
422 3693 515 3757 potus
539 3690 570 3739 et
593 3682 748 3757 poculum,
772 3679 891 3743 πώνειν
908 3682 1058 3758 etudine,
1074 3692 1150 3757 pone
1173 3701 1273 3759 aeque
1296 3686 1376 3740 bene

77 3787 230 3861 repetitur
260 3796 354 3861 atque
388 3803 407 3841 a
432 3794 491 3859 pu·
521 3785 604 3841 unde
627 3785 772 3859 pabulum
796 3794 827 3841 et
849 3802 988 3860 pascere,
1013 3785 1104 3858 panis
1125 3785 1173 3841 vel
1196 3795 1228 3842 ut
1252 3785 1377 3842 Plautus
1438 3847 1440 3851 ,

79 3888 157 3944 dixit
172 3897 259 3962 pane.
301 3887 436 3960 denique
450 3882 559 3961 frehtu
583 3887 668 3959 quod
690 3903 803 3942 nomen
825 3886 898 3960 poni
914 3886 1069 3943 adiectum
1093 3894 1142 3943 est
1159 3886 1203 3942 lV
1218 3887 1267 3953 31,
1291 3894 1376 3942 ante·

79 3988 139 4044 bac
160 3989 283 4063 quidem
306 3987 425 4044 frictum
447 3982 591 4062 φρυκτὸν
624 3987 901 4062 interpretabamur
932 3988 1006 4045 turis
1029 3996 1169 4046 naturam
1197 3996 1376 4062 reputantes

80 4088 238 4158 friabilem,
261 4090 403 4146 sednon
426 4089 523 4145 minus
546 4096 629 4144 recte
650 4105 668 4143 a
692 4088 803 4162 frigore
828 4087 945 4145 frictum
971 4087 1118 4146 faciemus
1149 4096 1202 4145 aut
1224 4087 1375 4161 frigidum,

79 4208 151 4247 nam
174 4190 274 4248 Latini
296 4207 419 4265 quoque
444 4189 627 4264 compressis
653 4189 773 4264 syllabis
808 4189 938 4264 frigdam
960 4199 992 4246 et
1023 4190 1166 4264 frigdaria
1199 4189 1375 4264 pronuntia-

78 4298 160 4358 runt,
182 4289 288 4347 Vmbri
311 4299 415 4348 autem
438 4298 557 4347 veteres
580 4307 682 4365 neque
712 4298 836 4347 tenuem
865 4299 918 4348 aut
939 4291 1073 4348 mediam
1096 4291 1277 4347 discernunt
1299 4290 1375 4346 den-

79 4392 158 4450 tales
181 4399 212 4448 et
233 4392 284 4449 ubi
306 4392 451 4466 gutturali
473 4391 605 4448 dentalis
622 4391 745 4460 insidet,
767 4391 786 4448 h
809 4393 838 4449 in
854 4393 954 4449 locum
974 4393 1039 4449 eius
1055 4393 1238 4450 substituere
1261 4391 1373 4448 solent.

78 4510 154 4568 ergo
176 4494 237 4551 iam
260 4495 420 4569 potionem
442 4510 511 4550 esse
528 4501 603 4565 pone
625 4494 776 4561 couced0,
808 4502 912 4551 tamen
941 4512 1021 4570 quae
1044 4494 1083 4550 sit
1105 4495 1146 4551 ad
1173 4501 1291 4550 certum
1312 4510 1376 4549 non

76 4610 206 4669 possum
224 4595 372 4669 redigere.
417 4610 530 4667 aquam
552 4611 659 4668 puram
681 4611 721 4649 ne
744 4601 925 4662 statuamuS,
948 4601 1054 4652 monet
1075 4594 1143 4669 ipsa
1165 4593 1215 4650 illa
1238 4593 1325 4671 ponis
1345 4600 1377 4648 et

75 4694 139 4752 vini
162 4695 342 4768 aequalitas,
368 4711 480 4768 nempe
503 4694 675 4751 cottidiano
698 4712 755 4751 usu
777 4694 949 4769 publicatus
984 4714 1020 4753 ac
1052 4695 1117 4752 vilis
1146 4694 1247 4767 liquor
1269 4710 1375 4770 parum
