3742 5364
768 371 805 430 81
1242 371 1356 436 V11346
1373 371 1434 435 ine

131 549 256 631 tesedi,
299 547 379 614 ficla
423 552 585 616 arsveitu.
641 556 761 615 sur'ont
812 561 984 628 tensedem,
1002 559 1117 617 fitillam
1140 563 1258 623 addito.
1280 563 1354 620 item
1366 582 1433 621 nar-

131 660 268 722 narem,
300 671 387 732 puse
410 652 544 715 verisco
566 647 761 717 Treblanir.
813 668 879 715 rato
922 669 954 717 ut
997 662 1038 717 ad
1081 672 1201 735 portam
1239 663 1433 724 Trebianam.

105 834 111 843 .
176 749 251 812 Eno
274 771 357 815 ocar
376 755 380 832 Ι
399 753 502 835 pihos
525 752 605 815 fust.
646 773 797 834 sveporr
855 759 934 816 Tum
967 779 1018 818 arx
1040 762 1044 836 l
1063 764 1147 837 piata
1184 764 1250 821 erit.
1306 764 1369 819 sive
1403 765 1434 819 in

133 871 254 914 esome
270 872 379 916 esono
396 857 503 918 ander
517 875 646 918 vacose
659 875 757 916 vase·
811 861 870 917 hoc
894 861 1074 919 sacrificium
1101 865 1326 921 intermissione
1349 866 1434 921 vitia-

132 962 230 1014 tomc
251 952 331 1030 fust,
349 955 430 1018 >avis
448 955 608 1033 asariam,
640 955 760 1018 verofe
814 963 954 1031 tument,
978 981 1049 1020 aves
1064 964 1238 1033 observem,
1256 966 1296 1020 ad
1313 975 1434 1040 portam

133 1052 311 1117 Trebiano
335 1067 489 1129 covertu‚
523 1068 616 1120 reste
649 1076 758 1119 esono
811 1063 998 1121 Trebianam
1041 1067 1200 1135 revertito‚
1254 1066 1433 1124 sacrificium

132 1151 229 1218 feitu.
249 1155 253 1234 Ι
809 1163 991 1223 instaurato,
1011 1164 1016 1228 l

234 1366 273 1423 46
297 1365 393 1441 resedi²
419 1365 539 1438 plenius
560 1365 663 1421 tabula
684 1365 698 1420 Ι
720 1365 854 1433 serratim,
890 1383 963 1438 ergo
987 1366 1080 1422 latine
1104 1369 1240 1422 tensedem
1262 1377 1295 1424 ut
1317 1386 1433 1426 merce·

133 1465 207 1520 dem
228 1466 273 1521 vel
295 1467 457 1525 tensedr'um.
504 1467 586 1539 quod
611 1466 761 1539 prosiciae
792 1483 830 1545 eo
860 1467 1053 1534 condiuntur,
1087 1468 1177 1523 struis
1213 1467 1300 1525 sarrei
1332 1470 1432 1526 mesae

38 1628 44 1636 ¹
133 1566 230 1621 simile
252 1567 490 1624 existimandum
506 1577 554 1623 θεῖ
570 1567 670 1624 libum.
705 1568 821 1623 dictum
837 1585 855 1621 a
870 1567 1011 1623 tensione
1029 1585 1066 1623 ac
1084 1567 1178 1641 figura
1196 1569 1322 1636 videtur,
1347 1571 1432 1627 cuius

133 1668 220 1723 modi
234 1685 360 1741 graecas
375 1669 534 1742 placentas
551 1669 645 1725 habes
662 1663 835 1742 ετρεπτοὺ(
856 1676 885 1722 θῖ
903 1662 1039 1741 (πείρας,
1064 1668 1146 1741 apud
1161 1667 1288 1725 Latinos
1305 1678 1433 1726 tractum

134 1786 174 1825 ac
196 1778 304 1842 postea
319 1778 430 1827 tortam
445 1770 533 1843 panis
550 1767 713 1842 (Meursius
728 1768 868 1842 glossarii
878 1768 1075 1840 graecobarb.
1091 1786 1120 1842 p.
1135 1763 1220 1843 721).
1254 1771 1285 1826 in
1308 1787 1433 1845 compo·

133 1871 200 1927 sitis
223 1871 382 1944 plerisque,
405 1869 494 1944 quale
517 1878 563 1927 θεῖ
586 1874 696 1924 ιιείεηῖιι
718 1885 776 1924 nec
799 1886 867 1924 cum
890 1869 1017 1923 obtentu
1032 1886 1090 1925 nec
1105 1887 1172 1925 cum
1188 1879 1311 1926 ostentu
1334 1871 1429 1927 latino

132 1988 257 2045 prorsus
279 1972 362 2027 idem
385 1969 569 2044 significans,
592 1969 721 2025 infracta
743 1977 791 2024 est
812 1968 935 2042 propria
957 1969 1107 2024 tendendi
1128 1970 1225 2035 notin,
1250 1971 1379 2028 dilatata
1401 1971 1432 2028 in

134 2071 196 2127 vim
217 2072 361 2128 movendi
384 2081 416 2128 θῖ
438 2070 624 2145 proferendi,
648 2071 788 2126 nimirum
811 2087 901 2124 nemo
925 2086 987 2124 non
1009 2070 1167 2142 protendit
1184 2071 1283 2144 siquid
1307 2072 1432 2146 porrigit

133 2182 167 2229 et
190 2173 318 2245 imponit
341 2172 421 2229 velut
443 2172 545 2244 ignem
569 2189 649 2230 arae.
695 2176 812 2226 ontentu
834 2170 924 2243 igitur
946 2170 1095 2225 tantulum
1111 2171 1212 2227 differt
1233 2173 1271 2227 ab
1293 2172 1432 2244 zirporzz'to,

133 2268 290 2332 ἀναθέτω.
333 2274 521 2346 impomenta
539 2273 650 2330 Paulus
674 2273 768 2328 tradit
791 2282 901 2327 vocata
927 2288 995 2326 csse
1019 2288 1098 2345 quae
1119 2281 1191 2346 post
1213 2291 1323 2328 cenam
1345 2291 1430 2328 men·

133 2373 177 2428 sis
199 2352 408 2447 imponebant,
431 2373 575 2429 secundis
601 2380 703 2428 autem
726 2372 839 2451 mensis
862 2371 1026 2445 praecipue
1049 2371 1174 2428 bellaria
1196 2373 1378 2432 inferebant.

234 2477 273 2532 47
307 2492 391 2530 more
420 2491 547 2531 romano
570 2492 690 2531 sacrum
719 2474 743 2529 si
765 2473 971 2529 intermissum
1005 2473 1043 2529 sit
1070 2474 1245 2530 autminus
1268 2475 1430 2549 diligenter

133 2576 259 2640 factum,
280 2577 399 2632 iubetur
421 2577 589 2634 instaurari.
637 2582 721 2630 anter
743 2575 851 2631 vakoae
872 2576 1115 2632 intervacatione
1139 2576 1185 2631 vel
1209 2577 1431 2633 intervacantia
1460 2618 1462 2623 -

133 2676 196 2735 abl.
208 2678 283 2749 sing.
297 2676 376 2744 lem,
410 2695 482 2733 nam
505 2677 612 2733 suffixa
635 2695 673 2734 ea
696 2676 812 2751 syllaba
835 2694 872 2733 ac
897 2658 1017 2733 sibilata
1041 2677 1159 2734 videtur
1187 2694 1278 2750 quarn
1301 2678 1330 2732 in
1355 2679 1431 2735 dote

133 2786 245 2852 sponte
268 2795 368 2834 messe
392 2779 588 2852 agnoscimus
606 2777 737 2842 finalem,
761 2778 892 2833 mediam
913 2778 943 2833 in
965 2779 1136 2837 vacatione.
1175 2787 1261 2851 svepu
1285 2779 1331 2834 vel
1352 2789 1433 2852 scirpo

133 2880 206 2954 quia
229 2889 469 2937 consentaneum
497 2889 543 2936 est
565 2897 627 2935 uno
651 2896 774 2953 quoque
798 2879 869 2934 vitio
892 2889 924 2935 et
947 2897 1047 2935 errore
1070 2881 1220 2944 interdici,
1244 2897 1304 2934 non
1328 2888 1432 2954 potest

133 2981 176 3036 ad
201 2981 347 3054 pluralem
371 2998 526 3036 numerum
551 2981 701 3046 revocari,
733 2998 791 3036 nec
814 2980 911 3053 magis
933 2988 1038 3053 potest
1064 2981 1105 3036 ad
1127 2979 1324 3052 singularem,
1361 2998 1432 3037 nam

131 3083 206 3155 quia
228 3099 399 3155 congruens
422 3090 469 3137 est
493 3099 559 3137 cum
583 3081 677 3137 latina
693 3081 876 3137 Vmbrorum
899 3081 994 3137 dictio
1016 3082 1110 3153 saepis
1130 3081 1230 3153 segari,
1261 3081 1291 3136 in
1314 3089 1425 3137 neutro

132 3200 246 3255 genere
269 3184 485 3256 pronuntiasse
509 3199 563 3238 eos
593 3190 715 3254 oportet
744 3182 849 3254 saeptis
864 3191 984 3255 surpere,
1019 3200 1081 3237 non
1101 3192 1182 3254 saepo
1208 3182 1240 3236 id
1264 3190 1312 3237 est
1342 3183 1427 3254 sr'quo

133 3291 187 3340 aut
210 3284 274 3339 sine
298 3285 411 3340 casuali
434 3285 533 3339 littera
555 3284 668 3356 stercori.
706 3300 808 3338 verum
831 3283 874 3338 sic
890 3281 966 3339 hacc
982 3283 1062 3338 inter
1077 3300 1110 3338 se
1127 3282 1246 3338 differre
1270 3291 1303 3338 ut
1318 3300 1430 3355 graeca

133 3379 192 3444 εἴτι
214 3394 245 3441 ct
268 3379 330 3444 εἴτε
354 3385 558 3441 addidicimus
593 3391 684 3439 aucta
716 3384 805 3457 copia
827 3383 1059 3456 inscriptionum
1082 3402 1229 3442 oscarum.
1274 3383 1304 3438 in
1328 3381 1432 3439 tabula

133 3485 266 3542 Bantina
291 3493 341 3557 pr.
363 3503 429 3540 svor
445 3485 609 3558 praefocas
624 3485 689 3557 pod
711 3490 780 3557 post
800 3501 874 3538 exne
898 3482 1019 3538 Bonsoe
1040 3484 1118 3562 sust,
1153 3493 1186 3540 ut
1226 3493 1310 3540 recte
1343 3485 1427 3558 prius

132 3606 226 3663 quam
248 3604 308 3663 ego
331 3588 435 3643 monui
456 3587 593 3660 Longius
617 3587 834 3660 interpretatus
856 3592 930 3650 erat,
957 3591 1082 3657 praetor
1101 3587 1160 3642 sive
1182 3584 1352 3662 praefectus
1367 3592 1432 3659 post

131 3689 188 3747 hac
208 3688 338 3744 Banizire
360 3689 424 3746 erit.
467 3690 498 3744 in
525 3689 690 3744 devotione
714 3686 823 3743 Vibiae
856 3687 926 3741 svor*
948 3686 1011 3758 pult
1042 3687 1155 3760 aflokus
1184 3686 1284 3742 Pokr'm
1316 3685 1432 3742 Kluva·

131 3791 215 3846 liz'um
244 3790 388 3846 valoz'mas
413 3789 526 3863 puklut'
543 3798 647 3862 εφη
663 3833 690 3846 ..
718 3789 788 3844 socri
813 3786 873 3860 puli
898 3786 1011 3860 oflolrus
1033 3786 1245 3865 lantmeterus,
1283 3788 1350 3843 sine
1372 3788 1432 3846 ulla

133 3891 329 3948 dubitatione
350 3890 410 3946 hoc
432 3889 558 3946 infertur
582 3889 767 3945 contrarium
788 3888 848 3943 sive
868 3896 970 3959 supro,
989 3888 1050 3942 rive
1072 3886 1166 3964 rizsra.
1210 3886 1286 3943 item
1308 3887 1430 3945 Vmbri:

132 4002 199 4050 tum
221 3993 304 4049 collis
325 3993 426 4064 piatus
449 3991 519 4057 erit,
553 3991 612 4046 sive
645 3989 756 4045 flamen
778 4005 840 4044 non
863 3989 919 4043 rite
953 3987 1067 4070 feccrit,
1103 4005 1221 4043 sacrum
1252 3988 1432 4046 instaurato

132 4095 247 4152 iamin
268 4093 372 4149 tabula
395 4092 410 4148 Ι
432 4091 577 4165 scriptum
600 4100 647 4146 est
669 4089 777 4145 esumclr
801 4108 891 4144 esunu
916 4074 1042 4145 voielum
1065 4089 1112 4147 zie.
1157 4089 1285 4162 primum
1307 4087 1432 4143 verbum

132 4196 220 4271 quod
243 4195 316 4251 alias
338 4211 400 4249 non
425 4193 533 4267 legitur
555 4193 739 4248 disiunctum
761 4200 809 4247 est
830 4191 870 4248 ab
894 4191 959 4246 esuk
987 4191 1069 4247 nullo
1100 4189 1303 4264 significatum
1335 4205 1430 4262 parvo

132 4296 322 4370 figurationis
345 4294 519 4350 discrimine
542 4295 655 4349 eodem
679 4310 739 4365 quo
762 4292 877 4347 enumelr
902 4293 939 4349 ab
963 4292 1046 4358 enuk,
1070 4301 1139 4348 cum
1159 4290 1432 4347 demonstrativam

132 4400 265 4456 litteram
287 4396 337 4451 illa
360 4413 539 4453 ereremum
561 4395 742 4469 pronomina
764 4395 860 4450 modo
893 4395 1013 4450 abiecta
1036 4412 1062 4448 m
1085 4392 1167 4450 finali
1189 4393 1284 4448 modo
1307 4408 1431 4447 conser-
1460 4386 1462 4389 ’

133 4509 206 4557 vata
227 4508 259 4554 et
281 4497 470 4554 munimento
504 4497 640 4570 quodam
673 4504 779 4569 saepta
813 4496 869 4551 sibi
904 4495 1099 4555 adsciverint.
1148 4493 1245 4551 habes
1272 4493 1362 4564 igitur
1384 4490 1434 4548 loc

130 4618 258 4658 socrum.
300 4607 365 4653 tum
387 4615 426 4652 ex
450 4597 489 4651 ise
510 4597 645 4671 pellucet
668 4597 738 4662 itus,
772 4596 956 4670 deprompta
989 4596 1027 4653 ab
1061 4596 1159 4655 eundi
1192 4595 1288 4652 verbo
1325 4590 1435 4651 forma.

133 4717 227 4774 quam
251 4716 311 4753 non
334 4698 405 4752 licet
427 4716 496 4752 curn
517 4699 561 4752 ias
582 4699 647 4770 [lat.
673 4689 756 4768 ieret)
780 4697 945 4768 exaequari
969 4713 1026 4750 nec
1048 4713 1120 4756 enin
1146 4696 1183 4749 irs
1211 4690 1304 4763 (ibid,
1325 4707 1382 4745 nec
1407 4691 1443 4749 in

1240 4795 1257 4845 b
