3742 5364
738 344 776 399 43
1227 343 1421 402 VInl=IAl

122 521 274 584 aseriato
295 523 299 597 l
319 530 403 596 eest,
421 544 482 584 eso
503 531 638 585 tremnu
651 541 746 584 serse
767 545 778 581 a
799 535 863 584 tum
883 524 887 599 Ι
906 527 971 596 ibit,
996 528 1039 584 sic
1053 528 1083 584 in
1096 529 1295 586 tabernaculo
1311 530 1425 586 sedens

122 622 311 686 arsferture
335 625 475 687 ehveltu
498 624 617 704 stiplo:
641 623 745 685 aseri·
797 628 950 684 flaminem
981 629 1084 685 iubeto
1120 628 1271 704 stipulari:
1310 624 1425 686 ‘obser-

122 723 178 784 aia
199 723 300 803 paria
323 726 459 797 deusve,
483 745 633 787 curnaco
652 725 745 786 ders·
798 747 906 786 vemne
919 749 1039 804 parram
1055 747 1245 805 prosperam,
1269 731 1423 788 cornicem

122 947 224 985 verum
247 930 341 986 satius
356 938 404 985 est
421 930 588 986 consistere
610 930 642 986 in
655 928 787 996 Vmbris,
810 929 1007 1005 quibuscum
1031 932 1106 985 uuus
1127 949 1201 986 mers
1224 931 1269 987 ius
1292 931 1423 1001 dicatur,

120 1037 252 1086 mersium
274 1037 419 1086 meursium
452 1039 581 1105 apparet
600 1048 673 1108 esse
705 1031 815 1086 iustum
848 1030 1024 1104 legitimum.
1070 1030 1199 1109 meratus
1215 1030 1304 1109 uuus
1318 1031 1424 1088 Vmbri

121 1131 166 1187 sic
198 1139 307 1205 optant
335 1140 368 1187 ut
400 1132 523 1188 Aeneas
558 1138 588 1187 tu
622 1133 678 1188 uile
703 1132 880 1205 propinques
911 1132 1069 1205 augurium
1092 1128 1256 1208 (Vergilius
1286 1134 1314 1190 X
1337 1131 1423 1209 254).

120 1233 225 1306 itaque
249 1235 324 1287 uuus
347 1233 566 1289 conferendum
590 1251 703 1290 censeo
727 1251 796 1289 cum
820 1229 958 1305 μήδεειν,
982 1250 1051 1288 cum
1073 1234 1226 1289 modestia
1249 1243 1280 1292 et
1313 1237 1424 1292 mode·

121 1335 246 1398 ramme,
282 1351 447 1406 aequarem
478 1353 546 1391 cum
571 1352 608 1390 ea
642 1342 728 1409 parte
752 1352 831 1407 quae
854 1334 935 1409 prior
960 1342 1007 1389 est
1041 1333 1071 1390 in
1095 1333 1203 1390 summi
1224 1335 1422 1409 magistratus

120 1434 245 1491 nornine
268 1435 398 1502 medalu,
433 1435 489 1490 nisi
510 1435 541 1490 in
563 1452 624 1490 uno
648 1434 735 1490 titulo
768 1434 807 1490 ab
831 1433 920 1491 Oscis
952 1434 984 1490 id
1007 1434 1153 1507 scriptum
1187 1438 1269 1494 meld.
1294 1444 1424 1504 extaret,

120 1536 281 1592 sedenim
308 1545 371 1608 pru
393 1537 558 1591 mediculud
586 1544 617 1592 et
652 1553 707 1610 pro
741 1535 878 1591 iudicato
901 1535 984 1591 idem
1008 1542 1055 1592 est
1077 1536 1262 1609 planissime.
1308 1539 1422 1605 dersuu,

119 1637 133 1694 I
157 1637 180 1692 B
207 1639 245 1694 13
269 1642 383 1705 (esuum,
415 1645 487 1693 utu
510 1645 540 1693 et
562 1656 575 1691 s
598 1637 751 1693 discretae
775 1637 885 1693 fuerint
908 1645 1017 1691 natura
1038 1654 1140 1710 neque
1162 1638 1194 1693 in
1217 1655 1310 1695 unam
1333 1639 1421 1713 quasi

120 1741 270 1793 uvocem
294 1753 499 1811 compressae,
533 1737 649 1810 optima
681 1736 865 1810 impetrativi
896 1737 1017 1810 generis
1040 1738 1165 1810 auguria
1188 1738 1309 1796 videtur
1330 1739 1423 1813 sIgni·

120 1838 222 1906 ficare,
258 1838 356 1895 bonas
392 1854 463 1893 aves
486 1853 564 1908 quae
599 1853 661 1892 non
686 1838 852 1893 admittant
882 1844 1003 1894 tanturn
1034 1838 1089 1894 sed
1121 1841 1301 1900 secundent.
1335 1841 1422 1914 origo

120 1940 203 1995 verbi
226 1939 315 1994 valde
339 1939 479 2003 obscura,
518 1938 608 1992 durus
639 1932 732 2010 δόσις
755 1937 939 1993 Philoxenus
972 1939 997 1994 si
1031 1947 1135 1994 tamen
1170 1941 1285 1997 mendo
1318 1941 1423 2015 glossa

121 2049 216 2107 caret,
253 2058 289 2095 ex
323 2039 382 2095 hoc
414 2040 516 2094 dersuu
548 2037 623 2094 fiunt
656 2046 801 2111 tanquam
834 2038 946 2106 dativa,
981 2040 1126 2096 obscuras
1159 2040 1244 2096 addo
1273 2041 1421 2116 Hesychii

120 2143 239 2217 glossas
270 2137 379 2214 δροιὸν
411 2135 510 2198 καλὸν
539 2135 665 2213 Κρῆτες,
690 2135 789 2213 δροόν
813 2135 946 2213 ἰσχυρὸν
966 2136 1105 2214 Ἀργεῖοι
1127 2158 1208 2216 quae
1231 2141 1360 2198 forsitan
1381 2144 1422 2198 ad

121 2242 202 2316 δρᾶν
226 2243 409 2315 pertineant,
431 2249 535 2297 strena
557 2242 640 2314 quod
663 2240 789 2297 Plautus
817 2258 930 2296 nomen
954 2259 1022 2297 cum
1046 2242 1128 2299 bona
1152 2260 1264 2299 scaeva
1288 2244 1421 2318 copulat,

121 2352 152 2399 et.
174 2352 296 2400 strenua
318 2361 411 2399 uuum
434 2351 489 2399 est.

223 2447 438 2520 2expiaturus
462 2462 563 2501 arcem
586 2443 723 2499 adsertor
755 2442 786 2497 in
808 2442 977 2515 auspicium
1009 2460 1156 2516 augurem
1180 2444 1309 2501 adhibet
1338 2462 1422 2502 more

121 2565 260 2605 romano,
304 2548 328 2602 is
351 2547 494 2603 observat
517 2562 589 2600 aves
613 2543 733 2620 anglus,
768 2560 843 2617 quas
868 2542 941 2599 olim
971 2544 1076 2618 putavi
1098 2545 1273 2602 nominatas
1297 2565 1365 2604 esse
1388 2557 1422 2604 ut

121 2645 202 2708 Διὸ(
225 2643 383 2721 ἀγγέλους
407 2642 459 2722 (cf.
483 2647 586 2720 hymni
607 2643 675 2702 Cer.
699 2644 791 2702 Hom.
815 2643 879 2716 46),
902 2644 1106 2726 internuntius
1128 2645 1209 2702 lovis
1233 2645 1356 2719 (Cicero
1380 2650 1421 2706 de

121 2750 180 2807 div.
198 2745 305 2820 1172),
328 2748 507 2822 praesertim
529 2765 600 2803 cum
621 2745 785 2802 nuntiandi
807 2745 933 2800 verbum
956 2746 1109 2820 proprium
1132 2747 1225 2803 fuisse
1242 2748 1420 2823 disciplinae

122 2850 271 2924 auguralis
294 2867 419 2905 nossem
442 2857 473 2904 et
495 2866 513 2903 a
529 2847 682 2903 Martiano
702 2827 829 2919 Capella
844 2846 874 2901 Π
891 2848 950 2905 153
964 2847 1117 2922 Angelum
1138 2849 1266 2906 relatum
1288 2849 1320 2905 in
1343 2850 1421 2907 deos

121 2951 334 3018 medioximos
358 2969 413 3025 per
429 2967 505 3024 quos
518 2948 661 3006 vaticinia
684 2965 720 3004 ac
742 2948 884 3022 prodigia
899 2959 1166 3028 componerentur,
1190 2967 1253 3007 non
1268 2952 1420 3008 diversum

120 3071 138 3108 a
157 3054 249 3127 genio
272 3053 412 3119 hominis,
435 3052 615 3109 fidissimum
632 3051 725 3106 animi
748 3051 908 3106 custodem
924 3059 955 3107 et
970 3052 1167 3125 cogitationis
1191 3070 1323 3110 arcanae
1346 3072 1421 3109 nun·

121 3153 204 3212 tium.
250 3171 353 3211 verum
386 3155 496 3210 iterum
519 3154 613 3209 satius
637 3151 779 3208 existimo
803 3151 961 3208 continere
983 3169 1040 3208 nos
1063 3152 1142 3208 intra
1165 3152 1240 3211 fines
1264 3154 1419 3212 Italorum.

122 3256 233 3328 unglur
255 3255 300 3315 vel
325 3256 442 3319 uuclur,
465 3272 537 3310 nam
559 3260 688 3326 utroque
711 3253 805 3308 modo
829 3252 977 3320 scribitur,
1000 3253 1092 3309 latine
1114 3263 1183 3310 sunt
1205 3255 1344 3327 annulae,
1366 3273 1420 3310 na·

121 3358 176 3413 sali
198 3357 361 3414 inhaerens
380 3358 537 3431 gutturalis
569 3357 749 3413 mollescere
773 3363 920 3430 coeperat
943 3357 1029 3412 utin
1052 3355 1156 3412 r'ueuku
1179 3357 1296 3430 iueugu,
1330 3364 1363 3413 ut
1389 3356 1420 3412 in

121 3458 243 3514 uinculo
266 3459 402 3532 singulis,
425 3460 569 3516 trecentis
590 3459 831 3534 quadringentis.
873 3455 984 3514 Paulus
1006 3458 1039 3514 F.
1062 3475 1091 3531 p.
1117 3459 1155 3516 17
1178 3452 1305 3530 ‘antiqui
1328 3442 1418 3514 ancu-

121 3561 183 3616 lare
206 3561 351 3617 dicebant
382 3579 437 3635 pro
460 3562 643 3628 ministrare,
676 3580 713 3617 ex
748 3578 807 3634 quo
831 3561 863 3616 di
886 3577 1008 3632 quoque
1033 3577 1068 3615 ae
1092 3560 1172 3615 deae
1202 3558 1340 3614 feruntur
1362 3560 1421 3615 coli

123 3663 230 3735 quibus
247 3663 371 3719 nomina
394 3671 465 3719 sunt
482 3663 581 3720 anculi
597 3670 628 3719 et
650 3655 801 3720 anculae'.
836 3659 1014 3716 femininum
1033 3677 1132 3733 genus
1155 3660 1252 3734 magis
1268 3667 1419 3716 versatum

122 3780 190 3820 esse
213 3763 244 3819 in
267 3781 323 3820 usu
340 3765 476 3821 conicias
500 3783 536 3819 ex
562 3764 680 3831 ancilla,
704 3763 806 3820 divino
829 3761 996 3818 ministerio
1013 3768 1151 3835 aptatum
1166 3761 1291 3817 verbum
1313 3778 1420 3818 mensa

121 3865 269 3921 anclabris
303 3874 334 3921 et
365 3864 520 3922 anclahria
554 3882 627 3922 vasa
650 3868 872 3922 demonstrant.
916 3880 970 3935 per
995 3881 1018 3936 g
1045 3862 1158 3936 scripta
1191 3862 1285 3919 fertur
1317 3864 1419 3937 glossa

123 3967 215 4040 angla
238 3961 314 4039 ὄγες
336 3962 489 4042 τράπεζαι
511 3962 661 4041 τρίγωνοι
684 3963 730 4040 ὡς
755 3962 870 4040 Νέβιος
892 3964 923 4020 in
947 3983 1007 4038 qua
1024 3962 1061 4021 Ο.
1075 3964 1240 4021 Muellerus
1265 3963 1420 4020 uuclubrus

122 4062 274 4140 τράπεζαι
307 4068 453 4142 reposuit,
487 4086 657 4142 vereorque
691 4086 732 4123 ne
754 4067 898 4123 Martiani
931 4066 1001 4123 loco
1033 4066 1103 4133 istu,
1138 4083 1199 4140 quo
1234 4066 1286 4121 uni
1308 4066 1419 4139 cuique
1501 4075 1504 4078 ’

123 4169 313 4242 superiorum
328 4170 457 4226 deorum
480 4170 615 4243 singulos
637 4169 795 4226 inferiores
807 4168 962 4225 deservire
974 4169 1131 4233 docemur,
1155 4167 1333 4224 anculorum
1355 4183 1420 4221 me·

123 4270 216 4325 moria
239 4287 308 4326 cum
341 4270 453 4344 angelo
486 4271 634 4345 permixta
657 4270 705 4327 sit.
750 4269 868 4348 uuglus
884 4269 975 4344 igitur
997 4268 1102 4325 Vmbri
1126 4268 1248 4326 oscines
1272 4276 1421 4342 tanquam

124 4368 250 4427 famulas
275 4371 392 4427 divinas
416 4389 544 4429 vocasse
567 4373 720 4429 videntur.

221 4472 330 4528 sedere
353 4473 566 4546 auspicantem
589 4473 635 4531 fas
659 4472 724 4539 fuit,
751 4475 907 4530 secuudum
926 4491 1060 4547 ¹augures
1081 4473 1179 4530 sedere
1202 4479 1241 4529 est
1262 4476 1429 4542 augurium

125 4579 238 4644 rupture
261 4572 382 4630 Servius
405 4575 480 4634 Aen.
504 4574 547 4630 IX
566 4578 594 4635 4.
639 4582 760 4631 veteres
785 4575 893 4634 Vmbri
914 4575 999 4651 quod
1021 4573 1109 4654 aedes
1134 4591 1194 4648 pro
1226 4591 1299 4631 surse
1326 4574 1440 4635 sedens

125 4674 258 4733 scribunt
280 4669 309 4754 (Ι
330 4676 358 4733 Α
380 4677 419 4735 33
436 4698 475 4724 =
492 4676 536 4733 Vl
557 4678 582 4734 Β
605 4673 671 4753 41),
695 4677 824 4736 sibilum
847 4698 936 4756 quem
959 4677 1073 4740 Graeci
1094 4679 1297 4753 perdiderunt
1318 4669 1448 4741 viden·
