3742 5364
867 293 926 351 184

345 476 366 541 8
389 486 546 537 servarunt
562 477 667 535 Vmbri
691 478 721 534 in
744 479 854 535 mediis
870 480 1041 538 vocabulis:
1065 478 1122 555 rese
1137 480 1202 549 tibi,
1225 482 1293 557 laste
1310 481 1446 548 tabulae,
1459 472 1554 561 faie·

235 586 303 664 sele
325 581 485 641 [scibilem.
530 588 562 636 at
584 588 758 653 congruunt
781 598 848 637 rum
871 581 987 638 Latinis
1016 582 1046 638 in
1082 580 1241 639 anrbretuto
1263 584 1434 652 ambiunto‚
1473 580 1553 641 Osci

245 682 355 762 amfrel
374 701 444 740 cum
467 680 593 737 Graecis
616 675 706 755 ἀμφί.

337 783 572 861 [ἀίεῐαὴεεοὶῑ,
594 780 625 839 frt
648 782 779 863 spiritus,
800 783 890 857 perit:
923 781 1012 839 haletre
1035 783 1074 839 ab
1096 782 1166 859 has·
1194 786 1294 860 capito
1323 786 1408 861 quod
1437 784 1552 843 distin·

245 890 345 966 guitur
367 888 405 944 ab
427 884 541 944 habena
571 882 672 939 benus!
692 881 833 939 benurenl
852 885 1025 959 composita
1044 903 1082 941 ex
1098 884 1150 942 ben
1173 894 1203 943 et
1214 882 1288 963 stul
1297 885 1419 965 jurent.
1448 886 1551 945 finalis

244 991 422 1066 deponitur:
445 981 609 1061 kaslruvus
615 983 765 1051 kaslrmm,
782 982 870 1061 capis
876 984 970 1057 kapit
978 985 1052 1058 kopr'
1061 987 1196 1060 capides.
1214 988 1285 1045 vide
1296 987 1377 1045 dicta
1389 988 1421 1045 in
1434 986 1507 1045 Het
1516 986 1549 1048 P.

334 1089 366 1169 s
379 1089 471 1146 oritur
493 1105 530 1143 ex
555 1104 603 1145 ns:
627 1086 729 1159 lingua
752 1103 806 1159 por
829 1086 967 1142 nasaicm
991 1088 1118 1145 admota
1141 1088 1246 1163 palato
1263 1087 1474 1165 dentibusque
1498 1106 1551 1147 su·

243 1191 412 1267 perioribus
433 1197 466 1246 ut
488 1188 518 1243 in
541 1188 651 1245 eadem
672 1203 853 1260 permanere
868 1188 967 1261 possit
988 1189 1133 1263 positura,
1158 1205 1221 1246 non
1243 1189 1348 1248 sibilus
1370 1190 1474 1247 editur
1489 1191 1550 1248 sed

243 1294 340 1354 ssatus.
375 1292 497 1348 adron-s
519 1290 663 1346 distincte
685 1289 925 1362 pronuntiabant
941 1291 998 1347 sed
1018 1290 1116 1346 minus
1140 1292 1303 1349 commode
1325 1291 1366 1349 ob
1388 1300 1549 1351 mutatum

242 1404 356 1455 statum
379 1391 527 1459 dentium,
551 1391 691 1447 solebant
713 1389 803 1463 igitur
825 1388 923 1467 abros,
947 1408 1013 1449 acc.
1025 1391 1101 1464 sing.
1124 1410 1186 1447 eam
1207 1392 1283 1466 plur.
1304 1391 1363 1471 eas,
1386 1391 1464 1473 aves
1478 1392 1557 1473 αυτ]

242 1496 329 1577 avers
344 1513 425 1555 aves.
462 1491 535 1571 tras
549 1500 642 1565 trans,
666 1492 739 1548 item
761 1490 851 1568 sedes
866 1493 990 1551 sedens.
1035 1502 1068 1549 ut
1091 1492 1193 1551 Latini
1216 1502 1296 1551 terta
1328 1503 1420 1563 tersa,
1451 1504 1547 1571 rapto

242 1617 332 1675 rapso
354 1603 483 1663 mutant,
506 1595 548 1651 ita
569 1593 674 1649 Vmbri
697 1593 898 1667 participialia
919 1594 1064 1667 redigunt
1086 1594 1117 1649 in
1129 1592 1172 1671 f:
1195 1593 1339 1670 lrahvorfi
1358 1604 1547 1657 transverse.

242 1701 380 1760 similitor
406 1695 590 1772 explicanda
609 1691 706 1768 pr'lmfi
726 1692 811 1766 cehefi
830 1691 918 1767 herrfi
943 1711 1022 1767 quae
1044 1712 1106 1750 non
1131 1696 1235 1768 procui
1256 1696 1367 1754 abesse
1390 1697 1507 1773 opinor
1528 1715 1548 1754 a

242 1801 415 1861 nominibus
439 1798 552 1855 talibus
568 1807 676 1853 vocatu
694 1796 851 1862 arcessitu,
876 1796 933 1851 otsi
955 1795 1060 1853 Vmbri
1083 1814 1207 1872 qnoque
1223 1799 1378 1872 arpulrati
1389 1799 1546 1867 dixerunt,

241 1906 298 1963 sed
319 1904 379 1961 hoc
401 1898 622 1956 translaticium
646 1905 725 1968 erat,
757 1896 807 1952 iila
830 1897 869 1953 ab
893 1896 965 1971 ipsis
997 1908 1119 1957 novata.
1161 1899 1232 1974 imp.
1260 1900 1382 1974 spahalu
1408 1899 1545 1973 spalrmu,

240 2007 346 2083 partic.
369 2019 451 2078 pass.
474 1998 563 2076 sposu
586 2007 721 2072 cognata
744 1998 844 2071 spatio
868 2005 899 2054 et
921 1998 1063 2072 spatiato.
1096 1996 1174 2074 mesa
1195 2017 1313 2068 mensa,
1333 1996 1419 2076 rpesa
1435 2008 1546 2075 potest

242 2126 310 2165 0330
333 2098 537 2178 ἐσπεισμένη.
565 2096 662 2175 purfa
679 2099 735 2155 nisi
740 2097 772 2174 f
786 2098 912 2155 haberet
931 2117 968 2154 ex
988 2118 1002 2153 s
1024 2108 1076 2156 aut
1096 2101 1122 2155 ri
1137 2108 1244 2168 ortam
1266 2118 1328 2158 non
1346 2110 1456 2176 posset
1472 2118 1546 2159 esse

241 2227 340 2286 parra,
371 2206 528 2262 inventum
551 2217 663 2256 nomen
687 2199 805 2254 videtur
827 2198 857 2254 in
882 2199 1025 2272 auspiciis
1050 2198 1211 2267 italorum,
1247 2202 1311 2258 avis
1339 2196 1360 2273 ἡ
1386 2198 1544 2277 ποριστή.

240 2312 323 2368 addo
347 2288 433 2384 [surse
451 2298 681 2375 Ἀξιό·κερσον.
712 2299 832 2354 inverso
855 2299 963 2356 ordine
986 2300 1086 2357 Latini
1109 2302 1160 2358 ubi
1181 2302 1263 2376 prius
1284 2302 1455 2359 membrum
1480 2304 1547 2361 exit

240 2413 270 2469 in
292 2430 314 2478 r,
347 2406 498 2483 posterius
521 2402 624 2476 incipit
648 2401 686 2458 ab
710 2419 736 2468 r,
759 2418 815 2474 pro
837 2400 887 2458 iiia
900 2398 931 2475 s
948 2402 1181 2461 substituerent:
1212 2401 1302 2459 sunus
1326 2402 1476 2472 funebris,
1500 2406 1542 2461 si·

239 2512 349 2570 militer
371 2524 457 2564 soror
479 2504 627 2562 sobrinus,
673 2500 746 2559 Osci
767 2518 831 2558 acc.
855 2501 930 2575 plur.
955 2501 1035 2556 crass
1056 2501 1111 2557 has
1134 2503 1191 2559 sed
1214 2520 1295 2562 nom.
1317 2504 1395 2577 sing.
1408 2499 1543 2579 srukla-

239 2612 304 2691 lius
317 2610 460 2668 sructatio
493 2625 531 2662 ex
560 2624 603 2671 nr,
636 2602 772 2678 Paeligni
795 2620 858 2659 acc.
882 2602 956 2676 plur.
974 2611 1027 2675 pes
1049 2599 1127 2677 eius
1141 2603 1238 2677 podes
1269 2603 1326 2661 hos
1350 2612 1382 2660 et
1407 2602 1544 2683 Cersum‚

239 2715 270 2770 in
294 2711 410 2770 Latinis
437 2709 566 2765 fortasse
588 2705 666 2762 homo
689 2705 737 2761 via
760 2704 871 2759 cadem
894 2703 1017 2777 prodiit,
1040 2702 1078 2762 cf.
1102 2702 1137 2760 af
1152 2721 1179 2764 a.

336 2911 404 2972 sin
427 2928 487 2968 rec.
512 2909 659 2983 scriptura
682 2914 838 2963 memento
861 2904 1000 2961 adhiberi
1022 2922 1078 2978 pro
1103 2922 1129 2969 z,
1146 2905 1237 2978 pr'lraz
1253 2906 1348 2980 pileos,
1371 2925 1427 2983 pro
1450 2912 1543 2985 pala.

236 3015 302 3072 tina
329 3033 353 3080 s,
374 2995 480 3067 Saniie
506 3007 621 3075 Sousia
644 3026 706 3065 non
730 3023 887 3080 nunquam
903 3022 958 3080 pro
981 3007 1074 3062 daut
1097 3024 1137 3083 rs,
1161 3006 1334 3064 akedum'am
1357 3012 1543 3073 acesombnr.

237 3133 275 3171 ex
299 3128 487 3189 supervacuo
510 3111 540 3167 in
564 3109 674 3166 eadem
687 3106 834 3186 fratreas
856 3125 910 3181 pro
923 3104 1064 3183 fratrekr
1089 3115 1121 3164 ut
1143 3108 1194 3166 lat.
1219 3125 1299 3177 sens,
1322 3127 1388 3170 exs.

335 3213 499 3288 ssimpicx
522 3213 600 3268 inter
623 3209 746 3266 vocales
780 3208 903 3264 vertitur
929 3209 958 3263 in
989 3227 1007 3263 r
1031 3226 1117 3264 more
1147 3209 1260 3269 latino:
1296 3215 1337 3267 est
1356 3230 1434 3269 erom
1456 3232 1544 3287 esse,

236 3324 315 3374 iuves
331 3317 400 3373 duis
424 3321 521 3372 iuvere
544 3313 574 3368 in
598 3310 679 3369 duis.
724 3328 787 3366 non
811 3317 859 3365 cst
883 3308 1009 3383 simplex
1033 3308 1064 3365 in
1088 3327 1148 3365 croc
1171 3310 1243 3367 r'sroc
1270 3319 1325 3369 aut
1345 3318 1429 3369 oratu
1451 3318 1545 3391 quod

235 3438 273 3476 ex
299 3427 359 3492 ops·
383 3425 435 3475 aut
455 3434 514 3471 reso
538 3414 623 3489 quod
646 3411 898 3486 conduplicando
921 3428 959 3466 ox
980 3428 1028 3466 sve
1048 3419 1149 3468 ortum
1172 3421 1229 3471 est.
1277 3414 1389 3471 mansit
1413 3432 1428 3470 s
1450 3426 1488 3475 ut
1511 3416 1544 3476 in

229 3522 279 3595 pis
301 3520 377 3594 quis,
401 3535 473 3574 nam
489 3517 544 3590 pir
567 3515 643 3589 ignis
667 3522 725 3580 cst,
759 3513 852 3569 sicin
874 3512 937 3585 pisi
950 3510 1062 3585 pisher,
1095 3513 1153 3569 etsi
1186 3512 1362 3572 inclinatum
1390 3515 1432 3572 ad
1460 3534 1544 3575 con-

235 3622 422 3678 iunctioncm
443 3617 535 3690 saepti
557 3616 631 3673 abiit
652 3616 682 3672 in
706 3615 796 3687 ropz'r.
833 3614 990 3686 discrepat
1012 3630 1092 3668 osam
1116 3614 1154 3670 ab
1182 3631 1235 3671 ara
1258 3622 1289 3672 et
1310 3614 1423 3673 suffixa
1444 3626 1543 3693 quat-

234 3732 304 3779 tuor
327 3719 483 3779 vocabulis
506 3733 577 3791 pars
595 3716 762 3789 plen-asier
786 3734 804 3771 a
827 3713 979 3789 plenariis.

334 3824 599 3896 ingravescentem
621 3817 652 3873 in
675 3816 785 3874 tabuiis
809 3816 948 3872 videmus
971 3814 1196 3873 rhotacismum.
1240 3832 1365 3873 casuum
1388 3819 1542 3881 termina·

233 3926 333 3984 tiones
356 3924 385 3980 in
407 3941 421 3978 s
440 3921 555 3978 iaciunt
578 3927 635 3978 vet.
658 3926 691 3975 ut
715 3918 809 3974 ceteri
832 3917 909 3984 Itali,
935 3916 1073 3972 Alr'iedz'es
1095 3915 1235 3985 Aticdiis,
1258 3934 1319 3976 rec.
1334 3917 1365 3975 in
1379 3937 1408 3987 r,
1431 3918 1540 3981 Atr'er.

232 4028 301 4086 sier.
346 4024 448 4100 primis
472 4022 558 4079 lineis
583 4020 748 4093 designata
771 4018 930 4076 conversio
954 4018 1013 4073 iam
1036 4017 1066 4072 in
1089 4016 1194 4073 aerei
1217 4018 1318 4074 estin
1340 4035 1401 4095 quo
1425 4022 1541 4097 arteper

234 4127 378 4202 scripturn
401 4133 448 4180 cst
471 4124 527 4179 sed
550 4122 672 4196 saepius
696 4121 737 4177 ad
760 4137 900 4176 normam
923 4118 989 4173 eius
1013 4116 1161 4173 sermonis
1184 4134 1246 4190 quo
1269 4118 1392 4176 tabulae
1414 4122 1539 4196 priores

234 4236 378 4304 quattuor
403 4224 592 4300 compositae
626 4231 697 4279 sunt
720 4224 820 4294 artepes
842 4221 939 4293 adepe,
971 4226 1123 4274 extremas
1157 4234 1211 4273 aes
1234 4216 1263 4274 V
1285 4218 1387 4276 adfert
1414 4222 1446 4280 in
1472 4242 1538 4301 quo

233 4339 362 4407 regnant
386 4328 539 4393 Alir'ediem
562 4343 643 4385 nom.
656 4325 730 4399 plur.
744 4323 903 4386 Atzi'edr'ur,
925 4339 995 4395 gen.
1011 4321 1087 4392 sing.
1102 4318 1251 4379 Ii'luzu‘rkr.
1281 4320 1379 4378 omnis
1401 4341 1417 4379 s
1435 4324 1539 4387 finalis

232 4435 274 4491 ita
293 4440 410 4490 mutata
426 4439 472 4488 est
487 4429 646 4486 Laconum
665 4444 759 4495 more,
782 4426 825 4481 rr‘r
846 4424 897 4491 sis,
920 4430 1060 4496 excepta,
1085 4422 1109 4477 si
1126 4438 1202 4496 opus
1219 4430 1265 4478 est
1285 4422 1395 4500 excipi,
1406 4425 1539 4509 duplici,

230 4537 271 4591 sis
282 4536 340 4591 sins
356 4534 424 4597 sint,
438 4530 567 4609 stupro
584 4528 657 4607 surr
673 4536 725 4586 aut
740 4526 818 4605 sust,
836 4544 888 4583 aas
908 4542 926 4580 a
942 4525 1093 4593 vacando,
1113 4522 1246 4579 hamanus
1260 4541 1334 4581 osce
1354 4522 1537 4595 *homonlrs
