3742 5364
707 346 746 405 st
1167 341 1280 441 Vlubl
1296 345 1375 404 1318

73 527 189 600 habel
212 547 306 590 esme
328 527 444 608 popm,
478 535 619 607 portatu
641 526 846 588 uloathabet
872 527 881 599 l
903 530 973 587 huic
1009 530 1135 605 populo,
1169 539 1291 607 portato
1328 532 1378 590 illo

74 648 143 708 pue
161 639 318 701 mersest‚
343 628 415 690 fetu
427 649 489 690 uru
502 628 594 708 pirse
610 647 702 688 mers
753 649 813 705 quo
841 633 887 687 ius
921 640 976 699 est,
1012 631 1104 688 facito
1136 633 1185 690 illo
1216 635 1300 708 quod
1333 634 1379 689 ius

76 729 148 793 est’.
234 730 366 810 trioper
408 730 701 792 eheturstahamu.
753 712 822 791 est’.¹
889 741 935 789 ter
979 736 1192 791 exterminato.
1264 735 1379 791 ibidem

74 829 162 893 ifont
197 841 375 893 termnuco
410 850 487 892 com
518 827 702 910 prinvatirl
753 835 794 888 ad
849 835 1010 890 terminum
1059 853 1128 891 cum
1178 837 1343 909 prinovatis
1375 831 1378 912 l

75 933 216 1005 stabitu,
252 951 317 993 eno
342 910 699 994 deitu'‘arsmaharno
753 943 845 1002 stato,
880 941 945 991 tum
969 937 1062 991 dicito
1086 929 1279 991 ‘ordinamini
1310 955 1380 992 cen·

73 1162 173 1198 nomen
196 1141 288 1207 habel,
312 1157 413 1212 neque
438 1140 543 1195 obstat
566 1138 652 1211 quod
674 1146 797 1211 praeter
819 1154 932 1193 nomen
957 1140 1049 1194 etiam
1072 1144 1129 1193 tota
1144 1146 1177 1194 et
1193 1137 1267 1216 lrzfu
1290 1147 1378 1195 ante-

74 1251 243 1307 cesserunt,
266 1259 339 1297 nam
363 1247 422 1295 iola
447 1256 515 1295 cum
539 1257 601 1294 non
625 1248 688 1294 tam
703 1239 826 1293 moenia
848 1239 929 1294 urbis
952 1240 1080 1294 denotet
1104 1256 1195 1312 quam
1219 1241 1377 1296 universos

73 1344 156 1399 cives
179 1351 210 1398 et
228 1360 292 1397 rem
315 1342 482 1415 publicam,
517 1357 592 1395 sane
615 1340 708 1394 etiam
732 1339 849 1412 Iguvini
873 1341 979 1412 oppidi
1002 1341 1166 1413 inquilinus
1193 1340 1254 1395 dici
1278 1341 1377 1413 potuit

73 1451 160 1500 lolam
184 1443 296 1500 habere
320 1442 419 1497 idest
453 1441 610 1496 civitatem
643 1439 831 1496 Tadinatem
860 1442 1041 1514 praesertim
1074 1441 1105 1495 in
1139 1440 1188 1496 illa
1221 1441 1379 1495 nominum

74 1545 298 1619 complexione.
342 1552 451 1599 contra
475 1561 535 1615 quo
559 1542 660 1598 minus
683 1551 790 1597 neutra
815 1543 1038 1617 significatione
1054 1543 1171 1598 dietum
1193 1540 1265 1596 liobe
1287 1551 1376 1615 pute-

72 1665 141 1702 mus
165 1655 196 1702 et
220 1647 454 1720 interpretemur
475 1644 571 1716 sr'qur's
593 1644 736 1698 eiusmodi
754 1643 798 1698 hic
820 1643 950 1711 tatrmr,
989 1643 1048 1700 hoc
1072 1642 1262 1716 potissimum
1286 1643 1377 1698 inter·

73 1748 159 1804 cedit
183 1748 267 1821 quod
290 1748 333 1802 sic
351 1746 502 1819 quidnam
524 1747 710 1819 portandum
727 1746 766 1802 sit
782 1747 811 1800 in
828 1745 927 1800 verbis
943 1743 1087 1818 proximis
1104 1743 1266 1801 nescimus.
1303 1761 1377 1815 ergo

74 1848 146 1920 quia
169 1856 200 1903 et
221 1847 294 1903 habe
317 1858 348 1902 et
365 1853 487 1919 portatu
511 1847 567 1904 sibi
589 1849 689 1920 poscit
713 1846 878 1913 obiectum,
900 1847 932 1902 id
956 1863 1023 1901 cum
1047 1863 1084 1899 ex
1107 1861 1199 1899 sensu
1222 1845 1377 1918 superiore

56 1950 185 2025 velicere
210 1949 387 2016 debeamus,
409 1966 473 2004 non
491 1949 614 2005 arbitrio
633 1955 740 2003 nostro
761 1949 940 2020 adiungere,
966 1955 1058 2002 teneo
1074 1945 1155 2001 illam
1172 1961 1252 2018 quae
1276 1944 1378 1999 statim

73 2052 189 2124 legenti
212 2050 343 2106 occurrit
365 2050 660 2123 interpretationem.
704 2051 734 2104 in
767 2066 847 2105 novo
881 2056 985 2105 autem
1021 2046 1186 2119 exemplari
1217 2043 1378 2098 formulam

73 2153 211 2224 quamvis
235 2151 441 2207 verbosiorem
475 2161 579 2206 tamen
618 2152 648 2206 in
681 2152 814 2206 eandem
851 2149 1036 2205 sententiam
1071 2163 1140 2202 esse
1164 2146 1377 2218 accipiendam

74 2262 190 2308 certum
214 2262 269 2320 est,
294 2270 352 2308 nec
376 2253 495 2308 dativus
520 2254 578 2308 iste
605 2253 700 2325 sz'quis
730 2251 815 2307 habel
840 2251 908 2306 huic
928 2251 1035 2323 populo
1059 2248 1150 2304 aliam
1173 2249 1213 2303 ob
1237 2265 1379 2304 caussam

74 2354 115 2410 ibi
140 2354 269 2410 accessit
293 2371 383 2427 quam
407 2354 492 2426 quod
518 2347 744 2425 praescriptum
778 2360 842 2406 erat
877 2352 938 2405 nzii
957 2350 1049 2405 ibitur
1073 2367 1113 2404 ex
1135 2348 1186 2403 hoc
1204 2349 1317 2421 populo,
1346 2355 1379 2403 ut

74 2455 277 2529 peregrinitas
299 2472 362 2510 non
386 2454 486 2509 omnis
512 2462 543 2509 et
566 2455 708 2509 absoluta
731 2453 973 2526 compellaretur,
1009 2453 1065 2506 sed
1088 2450 1236 2523 Iguvinae
1260 2450 1302 2504 rei
1325 2467 1379 2522 pu-

76 2555 177 2611 blicae
211 2563 359 2610 consueta
386 2562 437 2609 aut
472 2555 646 2612 commoda.
699 2554 794 2610 multo
820 2555 941 2627 quidem
966 2552 1154 2626 frequentius
1190 2552 1251 2607 tale
1281 2568 1378 2625 genus

77 2656 226 2729 loquendi
248 2665 295 2711 est
317 2673 363 2709 res
385 2660 450 2708 tuas
473 2654 529 2710 libi
548 2653 632 2719 habe,
655 2664 796 2711 naturam
818 2663 921 2712 tamen
937 2656 1042 2710 dativo
1059 2644 1194 2710 eandem
1218 2651 1289 2708 huic
1308 2668 1378 2707 esse

78 2772 204 2812 censeo,
233 2773 334 2829 neque
358 2773 429 2811 vero
454 2772 638 2828 quemquam
662 2755 759 2830 fugiet
776 2757 914 2811 consulto
931 2755 1093 2811 formulam
1108 2755 1151 2809 ita
1174 2771 1242 2809 esse
1264 2754 1378 2809 eonsti-

78 2865 177 2913 tutam
198 2866 283 2913 utet
308 2857 423 2913 ambitu
459 2874 557 2930 aequa
593 2859 672 2914 inter
706 2876 738 2914 se
767 2867 798 2913 et
826 2860 1030 2914 consonantia
1061 2856 1205 2912 clausulis
1240 2855 1285 2910 bis
1308 2855 1380 2909 bina

78 2958 215 3013 membra
237 2975 336 3030 paene
359 2967 488 3014 metrum
511 2958 644 3015 efficiant
662 2960 735 3015 illud
751 2960 994 3032 antiquissimum
1009 2959 1228 3032 propriumque
1252 2955 1379 3010 Italicae

80 3059 211 3132 regionis
249 3077 334 3114 nosve
357 3061 399 3113 ier
423 3060 502 3114 ehisu
518 3062 621 3132 poplo,
654 3061 735 3133 so'ptr
757 3060 829 3115 habe
851 3063 920 3115 earne
935 3059 1023 3132 pe'ple
1046 3089 1085 3097 —
1101 3058 1223 3129 portdlu
1247 3057 1299 3109 ule
1318 3063 1379 3127 pue

79 3161 198 3225 me'rsest
216 3158 284 3236 fe'lu
307 3162 364 3213 uru'
379 3161 460 3232 pirre
481 3163 601 3216 mereret.
662 3160 757 3216 edicit
779 3160 868 3232 igitur
891 3160 1050 3224 sacerdos
1082 3158 1235 3213 civitatem
1269 3158 1379 3212 tribum

78 3278 193 3316 nomen
216 3261 407 3334 peregrinum
431 3263 482 3333 qui
502 3261 619 3317 habent
641 3261 777 3327 incolae,
801 3269 834 3315 ut
857 3259 1043 3316 transferant
1069 3260 1098 3314 in
1123 3259 1231 3315 sedem
1254 3259 1380 3331 permis·

80 3381 146 3420 sam
170 3363 213 3419 eis
236 3363 287 3436 qui
310 3379 433 3417 manere
451 3362 544 3418 velint
568 3365 606 3420 ab
622 3363 756 3437 Iguvinis
774 3379 921 3435 sacraque
938 3360 1038 3417 ierant
1060 3360 1133 3434 ipsis
1151 3359 1377 3416 convenientia.

68 3462 141 3541 selu
164 3480 231 3518 cum
250 3462 427 3536 plerumque
451 3463 481 3517 in
505 3462 550 3518 his
575 3464 685 3520 tabulis
719 3472 781 3518 tum
815 3462 874 3517 hoc
898 3462 967 3518 loeo
992 3463 1032 3518 ad
1055 3461 1234 3516 sacrificium
1259 3467 1380 3533 spectat

79 3566 212 3637 ideoque
235 3572 356 3619 sextum
375 3581 480 3619 casum
504 3566 630 3637 recepit.
675 3563 773 3618 Varro
793 3564 809 3620 l.
829 3564 880 3620 lat.
895 3563 953 3618 VII
969 3566 1008 3621 88
1033 3572 1065 3619 ut
1088 3580 1142 3619 suo
1167 3562 1297 3636 quisque
1320 3562 1377 3633 ritu

80 3664 258 3722 sacrificium
282 3662 375 3719 iaciat
397 3663 592 3736 haruspicem
615 3672 717 3720 narrat
740 3665 916 3737 praecipere
939 3664 1045 3719 nescio
1069 3664 1206 3735 quande.

179 3766 218 3823 56
253 3765 385 3838 expulsis
408 3766 575 3838 peregrinis
610 3765 768 3821 constituit
802 3764 940 3820 adsertor
973 3765 1186 3838 distribuitque
1221 3763 1376 3836 iguvinos

79 3885 223 3921 arsmomo
246 3872 390 3921 coleromo
415 3867 593 3939 imperativa
616 3875 686 3922 sunt
707 3867 828 3941 generis
852 3866 964 3939 passivi
987 3867 1130 3939 pluralia:
1156 3866 1307 3938 singulare
1331 3872 1378 3920 est

79 3968 275 4040 adfixamque
296 3966 390 4024 habet
414 3967 534 4022 solitam
558 3969 670 4040 passivi
694 3977 799 4023 notam
830 3968 860 4022 in
892 3969 959 4040 lege
983 3984 1058 4024 osea
1081 3987 1232 4023 censemur
1255 3962 1376 4042 (cense-

78 4067 173 4133 mino,
197 4065 360 4136 censetor).
393 4068 424 4122 in
448 4067 549 4125 ists
574 4087 699 4123 ormonu
717 4070 859 4143 scriptum
877 4077 1003 4124 estnon
1023 4070 1088 4124 sine
1105 4069 1187 4140 vitio,
1211 4070 1380 4141 insequitur

78 4169 160 4224 enim
182 4168 332 4222 tareramu
355 4169 574 4242 optionemque
606 4169 699 4225 fuisse
723 4170 843 4225 Vmbris
867 4170 1041 4242 aliquande,
1078 4188 1146 4226 cum
1171 4170 1271 4226 Latini
1301 4170 1378 4225 duas

80 4269 299 4342 componendo
323 4269 452 4340 syllabas
475 4268 641 4326 formarent
664 4271 816 4337 amemini,
839 4279 938 4326 utrum
956 4270 1103 4326 adhibere
1124 4289 1169 4325 rna
1187 4289 1226 4326 an
1243 4290 1282 4325 no
1303 4269 1379 4325 mal·

80 4371 153 4438 lent,
178 4370 265 4425 nimis
289 4370 466 4426 incredibile
488 4379 543 4428 est.
597 4381 628 4428 at
652 4391 730 4427 arm·
757 4389 811 4447 pro
835 4375 914 4428 adrn-
936 4391 975 4428 ex
1008 4373 1092 4428 vocis
1127 4374 1273 4428 varietate
1305 4371 1376 4426 sub-

79 4471 175 4544 repsit
196 4471 308 4526 eadem
344 4489 403 4544 qua
437 4472 510 4528 alias
534 4471 679 4548 arferlur.
727 4492 852 4529 arsmom
876 4475 1029 4530 duxerunt
1058 4475 1096 4529 ab
1124 4492 1220 4529 eramo
1254 4473 1377 4528 nomine

80 4572 166 4646 quod
189 4587 275 4626 sacro
299 4581 422 4627 sanctas
445 4573 651 4628 institutiones
668 4572 819 4646 significat
836 4583 867 4629 et
884 4575 1061 4649 adpositum
1079 4576 1119 4632 ad
1142 4575 1218 4654 nerf
1234 4591 1384 4631 summam

80 4672 145 4728 sere
167 4671 283 4746 imperii
306 4672 554 4746 comprehendit,
589 4675 761 4729 cramalium
784 4684 903 4748 percara
926 4677 1054 4749 exposui
1079 4694 1107 4748 p.
1121 4675 1160 4733 51
1191 4676 1307 4748 insigne
1331 4689 1388 4743 ge·

1175 4792 1181 4827 t
