3742 5364
850 338 909 397 182

229 524 290 580 buli
322 523 386 579 linit
407 524 499 597 idque
525 523 633 578 crescit
662 540 701 577 ex
728 521 859 588 sullixiS,
893 529 965 577 autc
990 520 1003 574 l
1026 519 1144 575 sibilare
1174 520 1277 595 coepit
1314 528 1425 575 tenero
1459 536 1534 593 sup·

229 625 368 698 plantata
384 624 503 698 palato:
526 610 644 680 vestalia
661 632 714 679 ant
729 615 833 679 acslr'ia
850 639 905 696 pro
923 620 1056 687 rusticis,
1077 605 1150 674 iimo
1166 620 1281 685 citim0,
1304 606 1387 676 delen
1403 622 1531 687 decem,

229 715 314 781 iesnu
338 743 425 791 cena,
459 707 523 779 trial
544 710 637 780 ‹leiler
660 718 790 800 (scilicet
813 740 914 796 aeque
936 739 991 795 per
1013 730 1133 777 ceteros
1156 720 1260 793 casus)
1283 739 1302 776 a
1324 721 1399 790 dic·,
1432 712 1537 779 erila-

233 824 286 902 las
308 813 459 882 kurilusr'u
487 811 599 881 struila
629 825 667 880 ab
703 842 774 881 arcu
799 824 879 880 circo
903 823 1025 880 struice.
1075 821 1267 895 excipiuntur
1293 822 1361 897 lege
1380 822 1536 879 akedum'a

231 924 318 996 (osce
341 926 431 981 alred·
455 926 505 983 lat.
526 921 648 1000 urlaub),
671 924 750 981 lehe-
773 926 857 998 quod
878 923 1122 997 comparandum
1146 922 1263 979 videtur
1282 940 1351 980 cum
1373 919 1480 986 καίειν
1503 932 1538 981 et

231 1027 359 1084 Volcani
381 1026 446 1083 filiis
469 1026 552 1084 Caco
569 1026 716 1093 Caecul0,
738 1023 810 1081 keba
833 1025 919 1098 quod
938 1023 1011 1079 item
1034 1042 1047 1078 c
1070 1022 1175 1079 habuit
1190 1025 1434 1083 contaminatam
1455 1024 1536 1097 (lor-

232 1137 315 1184 tasse
339 1128 440 1184 cibum
458 1136 490 1183 ct
509 1127 676 1184 caccabum
699 1144 760 1183 una
785 1125 894 1201 copula
918 1142 1055 1181 conexos
1080 1132 1165 1179 tenet
1188 1141 1257 1181 cum
1279 1120 1410 1201 coquis).
1447 1127 1537 1185 exei-

231 1229 354 1302 piuntur
375 1247 463 1303 porro
486 1238 519 1285 ut
541 1248 597 1304 par
625 1229 682 1284 suit
716 1228 861 1295 casualia,
897 1227 973 1282 uaku
996 1225 1078 1293 vale,
1112 1227 1220 1282 ardema
1241 1228 1358 1293 todcee'r,
1381 1226 1538 1306 fratrcxs

222 1326 366 1405 sralrece'.
409 1348 593 1404 quamquam
615 1329 689 1387 talia
711 1347 833 1404 quoque
866 1327 1008 1385 mollities
1041 1327 1123 1384 vocis
1158 1328 1364 1403 attemptavit:
1399 1328 1539 1403 Pupdr'kc

231 1441 262 1487 et
285 1431 380 1487 rarius
405 1418 540 1504 Papdr'ie,
564 1450 628 1489 acc.
653 1449 778 1487 carnaco
802 1430 859 1488 abl.
877 1411 1008 1496 carnale,
1034 1437 1213 1485 constanter
1228 1437 1301 1502 pase
1322 1446 1413 1503 pace.
1450 1428 1538 1487 kum-

231 1531 319 1587 nakle
341 1532 453 1587 aar'ecla
477 1542 604 1607 apparet
628 1551 664 1587 cx
693 1532 761 1605 lege
794 1542 865 1588 ante
894 1532 978 1588 dicta
1003 1549 1055 1589 cur
1077 1532 1095 1587 k
1118 1531 1316 1588 servaverint:
1344 1531 1496 1603 persclom
1518 1550 1538 1591 a

224 1640 308 1705 pers·
330 1633 412 1689 venit
434 1634 516 1690 unde
533 1635 687 1707 persm'mu
703 1640 874 1706 persertim,
890 1631 966 1706 ficla
989 1651 1080 1707 quam
1101 1652 1119 1689 a
1139 1633 1264 1708 figendo
1280 1632 1451 1689 deductam
1468 1634 1538 1709 opi·

231 1750 289 1788 nor
310 1733 523 1807 dispertienda
552 1735 594 1792 sic
628 1735 746 1791 videtur
774 1733 872 1807 fi-clu,
906 1742 1009 1808 potest
1035 1735 1201 1808 exaequari
1234 1734 1324 1808 plane
1353 1750 1425 1791 cum
1447 1732 1538 1791 fitilla

233 1829 390 1906 (persclom
413 1834 518 1891 Vmbri
534 1837 655 1908 pestlem
679 1834 762 1904 Osci,
787 1836 904 1893 vetulus
927 1837 1053 1906 veclusl.

331 2029 354 2090 G
379 2032 487 2089 deerat
509 2034 662 2092 umbricae
687 2035 884 2102 litteraturae,
913 2035 929 2090 t
953 2035 1142 2093 succedebat
1165 2035 1195 2091 in
1219 2035 1320 2091 locum
1343 2034 1410 2091 eius
1432 2042 1492 2117 aut
1513 2035 1534 2095 i.

331 2151 374 2205 gn
397 2152 458 2190 non
482 2145 654 2210 comparet:
687 2142 796 2192 narratu
819 2154 837 2191 a
860 2153 975 2211 gnare,
1004 2136 1143 2193 Trulr'knr'
1168 2134 1322 2208 Drutigni,
1353 2137 1394 2192 ad
1417 2136 1539 2209 agonia

235 2234 335 2289 rettuli
359 2252 433 2290 acnu
456 2254 582 2296 senecae.
606 2237 675 2311 imp.
695 2237 791 2293 nzircla
806 2238 954 2310 ninguito,
976 2246 1033 2295 vet.
1052 2239 1178 2293 ansleirlu
1200 2237 1310 2294 extrita
1328 2256 1353 2311 g
1374 2236 1440 2293 sive
1462 2254 1480 2293 c
1503 2244 1538 2294 ut

233 2333 264 2388 in
294 2335 454 2406 provinciis
488 2336 697 2392 Romanorum
731 2332 914 2412 (defuntus).
959 2339 1029 2413 imp.
1054 2344 1174 2411 magula
1204 2338 1310 2413 partic.
1343 2336 1461 2404 nrurklo,
1492 2336 1539 2395 sic

233 2451 326 2506 germ.
347 2435 417 2506 gcclt
429 2435 505 2509 Jirck.
553 2436 673 2493 Iz'ovr'na
696 2438 800 2495 laurita
822 2439 957 2511 lgovina,
981 2440 1042 2495 aila
1065 2439 1157 2512 agito.

333 2634 359 2697 Θ
382 2639 401 2694 le
423 2640 517 2697 oritur
539 2659 576 2696 ex
601 2641 632 2700 lt:
655 2641 752 2709 attur,
777 2642 845 2697 uhtu
868 2642 963 2709 albin,
988 2642 1020 2698 eb
1043 2638 1086 2701 ἐκ.
1110 2641 1203 2699 oritur
1224 2657 1263 2697 ex
1286 2641 1300 2696 i
1318 2649 1538 2700 consonante:

232 2738 364 2795 slaheren
388 2751 420 2796 ut
443 2758 516 2798 osea
537 2744 621 2797 slaiel
640 2751 672 2799 et
693 2742 801 2798 sluln'nt
822 2744 946 2800 staiunt.

332 2841 362 2897 in
384 2841 403 2897 t
424 2860 519 2916 saepe
541 2843 657 2900 resedit
678 2840 716 2919 s:
750 2844 889 2900 screz'lztar
915 2861 989 2901 osee
1018 2842 1146 2921 sanstus,
1176 2843 1213 2899 elz
1237 2843 1276 2900 as.
1322 2842 1418 2899 semel
1452 2839 1543 2919 -sont

176 2971 183 2986 ·
232 2942 346 3012 passim
370 2942 453 2999 -bont
475 2951 543 3012 -onl,
564 2963 624 3004 rec.
648 2945 765 3024 crason!
786 2956 844 3005 vet.
868 2945 1001 3004 eradunt.
1039 2945 1069 3001 in
1086 2943 1192 3002 suturis
1208 2943 1324 3002 exactis
1345 2943 1540 3021 amprffuus

233 3050 265 3097 et
285 3043 345 3098 ricsl
364 3044 497 3102 medium
521 3046 614 3104 fuisse
636 3056 711 3122 puta
733 3046 807 3106 elzus.
1385 3098 1388 3105 .

332 3147 494 3221 negligitur
516 3150 674 3224 aspiratio:
697 3150 806 3206 lerata
828 3156 916 3218 erelu,
941 3150 1104 3206 arrhoslatir
1127 3149 1277 3208 anoslalir.
1300 3156 1353 3204 aut
1374 3146 1455 3205 falso
1478 3151 1539 3207 ad·
1577 3214 1580 3219 ,

233 3245 314 3301 iecta
337 3257 384 3303 est
411 3249 441 3304 in
463 3249 590 3328 hebclase
613 3250 740 3329 ebelrase
763 3260 817 3308 ant
838 3260 1041 3308 transmutata
1065 3251 1095 3307 in
1119 3249 1221 3307 locum
1244 3249 1376 3305 alienum
1400 3242 1539 3329 (adbel),

232 3357 395 3422 utrumqne
421 3350 525 3408 vitium
548 3370 566 3407 e
588 3342 687 3409 latinis
709 3353 801 3410 titulis
823 3361 937 3412 notum.

334 3450 432 3524 longis
455 3452 611 3510 vocalibus
633 3452 651 3508 lz
674 3454 920 3529 superadditur,
944 3454 1069 3511 aaz'eclt'r
1092 3453 1257 3510 uvr'ehclcir.
1292 3450 1423 3527 geminis
1437 3450 1539 3509 inter·

234 3552 341 3607 seritur
364 3554 458 3609 modo
482 3554 545 3609 iure
569 3556 694 3629 optimo,
717 3556 848 3612 salarum
870 3575 941 3612 nam
962 3554 1046 3612 sablo
1068 3556 1176 3613 debuit
1198 3572 1268 3612 esse
1289 3561 1407 3621 sancta,
1433 3556 1539 3614 modo

233 3653 373 3713 inaniter.
389 3654 591 3727 preplohotalu
612 3657 789 3729 preplotalu,
813 3657 967 3714 distractis
991 3657 1179 3730 temporibus
1202 3657 1289 3730 quasi
1310 3654 1537 3729 interspirati0.

333 3846 441 3912 Tvet.
465 3870 520 3927 pro
544 3853 572 3909 D
594 3855 743 3911 adhibent
770 3856 800 3910 in
826 3856 974 3930 principio
1010 3870 1133 3912 vocum:
1162 3854 1262 3927 tuplak
1289 3853 1418 3928 duplex,
1453 3856 1538 3913 tedia

233 3947 360 4025 διδότω,
377 3953 517 4031 purlz'luſs
540 3955 583 4011 ita
596 3956 739 4028 llergomi
762 3956 836 4015 cn..
850 3957 876 4011 V
893 3959 975 4016 5134
998 3957 1118 4030 scripsit
1141 3956 1294 4014 Cabarsus
1316 3953 1425 4029 aliquis
1437 3962 1539 4015 retere

232 4054 373 4112 reddere.
419 4055 605 4112 reduxerunt
630 4058 651 4112 cl
668 4058 865 4132 principalem
887 4076 946 4117 rec.
971 4060 1072 4132 dupla,
1097 4058 1200 4129 (lirare,
1214 4036 1363 4130 perdita.¹

333 4156 461 4212 tlinalis
485 4157 615 4213 decidit:
647 4157 750 4214 trebel!
772 4159 829 4215 sed
851 4159 932 4226 habe,
964 4177 1095 4234 persona
1128 4160 1216 4216 tertia
1244 4174 1307 4214 non
1340 4158 1435 4215 modo
1460 4157 1540 4235 sus!

233 4258 289 4312 sed
311 4259 405 4314 ctiam
417 4258 484 4335 sur.
506 4265 648 4315 saturent
668 4269 699 4315 et
720 4279 826 4317 sururo
850 4269 881 4318 ut
904 4262 953 4317 lat.
979 4262 1132 4317 dederont
1155 4261 1267 4317 ‹ledrot
1291 4259 1398 4318 dedr0.
1426 4260 1536 4323 obrui·

234 4366 279 4417 tur
301 4366 313 4414 t
332 4377 439 4434 pressa
460 4360 622 4434 utrimque:
640 4361 951 4440 pustnae'afpusnaes.

332 4472 403 4537 post
426 4464 562 4519 nasalem
584 4480 644 4519 rec.
668 4469 680 4518 l
700 4464 724 4519 si
746 4482 808 4522 non
830 4474 878 4520 est
894 4464 1008 4527 ultima,
1031 4464 1189 4523 emolliunt
1210 4464 1241 4519 in
1265 4463 1295 4519 d:
1319 4467 1403 4518 anter
1423 4464 1536 4534 ander,

234 4569 351 4618 anlenlu
373 4565 508 4620 ondendu
531 4565 694 4634 intendit0,
719 4565 770 4625 lut.
789 4565 968 4644 actsurenl
985 4584 1067 4640 pass.
1090 4565 1261 4632 ostentandi,
1278 4568 1444 4637 persuntru
1459 4574 1537 4639 per·

232 4666 355 4735 sendra,
372 4666 483 4721 mansit
498 4673 657 4741 personlru
674 4666 715 4725 Vl
733 4667 754 4723 Β
772 4670 820 4726 28.
845 4668 884 4726 cl.
908 4669 1045 4724 artandela
1066 4685 1160 4741 gram.
1177 4664 1218 4722 lV
1230 4685 1259 4740 p.
1277 4668 1346 4738 581,
1362 4667 1414 4735 71,
1433 4662 1536 4733 τένῐα
