3742 5364
230 331 326 393 111114
853 334 912 393 146

230 517 311 581 vinu
331 515 432 590 ferm,
452 515 555 578 tertie
580 516 589 588 l
611 513 748 577 sviseve
768 525 850 576 utur
864 541 888 580 11
902 523 1003 579 vinum
1026 522 1114 592 ferto,
1137 524 1167 581 in
1191 525 1282 582 tertio
1300 520 1310 593 l
1325 524 1393 582 sino
1419 541 1536 600 aquam

231 619 330 683 fertu.
374 618 467 699 pistu
490 615 681 689 1111111111,
704 635 850 696 vepesu·
904 621 993 680 ferto.
1036 625 1149 699 pistum
1171 626 1270 682 nirum
1293 625 1383 696 ferto,
1405 644 1535 703 vempe·

230 833 286 884 tur.
330 843 410 882 ranu
432 831 535 881 autem
557 840 626 881 cum
648 840 746 898 genus
775 824 873 881 laticis
907 825 947 881 ab
975 842 1055 901 aqua
1080 836 1111 883 et
1136 828 1208 883 vino
1230 828 1385 886 diversum
1406 837 1443 887 ut
1470 829 1536 887 mel

231 936 282 984 aut
305 927 352 983 lac
373 926 446 982 inde
469 942 575 982 eruere
597 926 742 999 equidem
757 925 902 993 nesciam,
927 925 1015 983 facile
1032 936 1079 983 est
1098 945 1168 984 cum
1190 934 1259 984 utur
1281 928 1447 987 conciliare
1461 938 1534 987 tan·

231 1044 321 1101 quam
346 1025 562 1100 adsperginem
578 1033 632 1082 aut
646 1025 800 1082 manantis
816 1025 1026 1100 profusionem
1049 1045 1159 1102 aquae,
1184 1030 1255 1103 quia
1270 1046 1384 1104 graeca
1406 1024 1535 1105 ῥαίνειν

231 1121 322 1201 ῥανίς
343 1133 446 1200 guttas
466 1124 706 1198 instillatumque
729 1140 866 1182 umorem
888 1125 1064 1200 significant
1087 1136 1119 1184 et
1133 1128 1173 1184 ab
1190 1129 1341 1187 undarum
1363 1130 1536 1189 adluvione

230 1235 362 1285 tractum
384 1226 512 1283 latinum
534 1243 628 1284 ranae
645 1225 826 1283 vocabulum
842 1226 960 1283 videtur
976 1229 1060 1301 quod
1079 1229 1109 1284 in
1133 1228 1202 1304 lege
1224 1229 1340 1289 metalli
1356 1229 1536 1307 Vipascen-

231 1329 271 1385 sis
288 1344 385 1402 nuper
400 1329 557 1384 inventum
572 1335 633 1383 est:
656 1327 817 1384 balneator
839 1345 946 1400 aquam
968 1328 998 1384 in
1023 1323 1185 1404 [balineum
1205 1349 1294 1405 usque
1317 1326 1372 1408 ad]
1388 1350 1536 1391 summam

229 1447 335 1485 ranam
356 1428 539 1503 hypocausis
554 1429 744 1504 profluentem
763 1435 838 1486 recte
852 1434 1009 1503 praestare
1028 1430 1122 1488 debete
1143 1428 1278 1506 (epham.
1304 1433 1464 1511 epigraph.
1489 1434 1536 1493 111

229 1549 259 1605 p.
277 1532 336 1590 167
359 1549 386 1587 v.
400 1524 454 1607 21)
477 1530 510 1586 id
533 1538 579 1587 est
602 1531 667 1587 sine
693 1531 788 1587 dubio
810 1548 907 1606 usque
930 1533 972 1589 ad
994 1548 1145 1590 summam
1167 1534 1305 1608 piscinae
1326 1526 1511 1610 marginem.
1539 1524 1544 1533 ⁸

332 1633 369 1691 15
392 1640 515 1706 praeter
532 1631 664 1705 liquores
681 1632 766 1704 quod
784 1631 920 1689 adfertur
928 1634 1010 1706 pz'stu
1025 1635 1107 1700 nr'ru,
1130 1635 1163 1692 id
1178 1636 1222 1692 sic
1237 1635 1442 1693 dividendum
1456 1654 1537 1695 cen-

231 1751 285 1791 seo
309 1733 338 1789 in
361 1735 425 1790 duo
443 1734 532 1790 verba
554 1734 853 1810 intellegendumque
876 1735 987 1808 pistum
1010 1733 1154 1792 frumenti
1169 1754 1268 1810 genus
1285 1745 1337 1794 aut
1356 1737 1534 1812 leguminis.

230 1836 385 1910 pinsatum
406 1835 439 1890 id
462 1834 531 1891 ferri
554 1835 689 1891 similiter
711 1834 831 1891 iubetur
853 1853 890 1892 ac
915 1837 958 1893 sal
981 1836 1108 1896 111118
1131 1839 1271 1905 molitus,
1301 1839 1362 1913 pila
1382 1856 1425 1895 an
1446 1840 1536 1898 mola

230 1936 388 1994 tractarint
410 1937 495 2009 quod
518 1936 679 1992 terendum
702 1943 769 1992 erat
792 1954 855 1992 uon
875 1937 1003 1994 multum
1026 1938 1164 2005 interest,
1187 1956 1256 1996 cum
1279 1956 1399 1997 summa
1421 1948 1535 1999 tamen

230 2038 417 2095 caerimonia
450 2038 563 2094 muries
585 2037 733 2110 virgiuum
756 2036 926 2094 Vestalium
960 2055 999 2093 ex
1027 2038 1091 2094 sale
1113 2037 1145 2095 fit
1166 2040 1280 2114 pisat0,
1313 2041 1376 2097 mili
1398 2041 1473 2115 pisti
1498 2050 1533 2099 et

230 2139 291 2195 mili
314 2138 424 2213 integri
446 2139 542 2195 modii
560 2138 768 2213 distinguntur
790 2138 821 2194 in
844 2137 1028 2196 Diocletiani
1048 2139 1150 2196 indice
1173 2158 1272 2197 rerum
1295 2142 1467 2211 venalium,
1492 2160 1534 2201 ex

231 2240 301 2297 faba
323 2239 470 2314 milioque
493 2239 599 2296 molito
622 2238 733 2294 Festus
766 2236 931 2316 suffimenta
962 2239 1120 2297 Romanos
1156 2240 1266 2298 secisse
1299 2250 1412 2302 narrat.
1454 2245 1534 2301 m'ru

230 2340 337 2398 litteris
360 2340 485 2414 quidem
498 2340 630 2396 imitatur
652 2357 755 2394 nerum
780 2356 891 2395 nomen
910 2341 1120 2415 optimatium
1142 2338 1255 2417 νήριον
1277 2344 1362 2417 quod
1378 2360 1441 2400 non
1456 2344 1535 2403 nulli

230 2443 313 2499 idem
334 2458 405 2499 esse
429 2441 621 2498 tradiderunt
643 2457 681 2495 ac
702 2438 809 2514 brathy
826 2439 952 2496 herbam
968 2440 1122 2513 Sabinam,
1147 2460 1239 2516 quam
1255 2443 1286 2500 in
1308 2444 1400 2500 rebus
1416 2444 1533 2503 divinis

230 2551 344 2618 poetae
361 2542 436 2600 turis
452 2542 519 2597 loco
537 2541 697 2596 nominant
712 2549 766 2596 aut
781 2540 887 2615 priscis
904 2540 1076 2598 hominibus
1098 2543 1195 2599 instar
1210 2542 1283 2601 turis
1299 2542 1393 2602 fuisse
1408 2552 1534 2603 testan-

230 2654 287 2714 tur,
309 2644 394 2702 haud
418 2643 580 2699 commode
603 2642 705 2698 subire
729 2642 850 2698 videtur
871 2643 1027 2717 pisturam.
1071 2643 1225 2701 frumenta
1247 2643 1363 2702 Plinius
1385 2646 1534 2705 adfirmat

230 2739 330 2819 neque
354 2743 465 2801 eadem
488 2741 601 2817 ubique
624 2759 725 2816 neque
747 2743 800 2798 ubi
815 2744 928 2800 eadem
947 2744 1008 2800 sint
1026 2744 1145 2800 eisdem
1161 2746 1335 2802 nominibus
1358 2763 1438 2815 esse,
1465 2748 1535 2806 vol-

229 2846 387 2920 gatissima
410 2852 440 2901 et
461 2844 595 2918 plurimis
619 2843 704 2899 terris
727 2844 902 2900 communia
925 2843 970 2902 far
986 2843 1139 2918 siliginem
1161 2847 1304 2914 triticum,
1325 2846 1408 2904 idem
1423 2858 1536 2907 narrat

229 2947 341 3021 panico
367 2945 481 3002 Gallias
504 2945 548 3002 uti
571 2953 602 3001 et
624 2944 897 3018 circumpadanam
922 2944 1042 3002 ltaliam
1064 2947 1172 3003 addita
1194 2946 1265 3004 faba
1281 2948 1348 3005 sine
1371 2965 1432 3022 qua
1453 2950 1534 3007 nibil

230 3047 392 3104 conficiant
415 3045 532 3120 (XVIII
548 3047 586 3105 81
605 3054 636 3101 et
652 3043 736 3119 101).
783 3053 847 3100 111111
872 3052 1021 3118 vepesutra
1044 3045 1137 3103 fertur
1153 3065 1224 3104 caro
1241 3048 1360 3106 hostiae
1382 3067 1447 3107 non
1468 3053 1534 3109 aris

229 3149 386 3206 destinata
401 3148 457 3203 sed
473 3149 541 3204 usui
555 3147 695 3221 profano,
718 3155 784 3202 tum
799 3147 1033 3222 manutergium,
1051 3149 1185 3222 denique
1194 3158 1283 3222 pune.
1314 3150 1399 3207 cuius
1414 3152 1534 3225 permi-

229 3267 295 3306 rum
318 3257 366 3306 est
387 3249 487 3306 iterari
508 3250 696 3316 memoriam,
720 3249 745 3304 si
768 3248 892 3323 quidem
913 3250 1008 3305 modo
1031 3258 1230 3324 praeceptum
1254 3259 1303 3308 est
1320 3252 1426 3325 witern
1437 3251 1535 3333 feria

223 3359 316 3424 pune:
339 3368 441 3424 neque
463 3370 502 3408 ex
525 3358 676 3426 sequente
699 3349 873 3407 narratione
896 3366 950 3406 cur
966 3351 1091 3406 iteretur
1108 3351 1301 3420 divinaveris,
1324 3368 1427 3426 neque
1444 3354 1534 3411 duae

230 3452 356 3526 capides
378 3451 467 3508 huius
492 3451 641 3507 libaminis
665 3467 741 3524 quas
763 3450 885 3509 11Α33
911 3450 1038 3524 legimus
1062 3451 1189 3506 11111111
1204 3451 1359 3525 quaelibet
1374 3452 1452 3510 sacri
1474 3470 1535 3529 ap·

229 3560 353 3626 paratus
371 3551 539 3626 descriptio
562 3551 724 3625 repetitum
747 3551 930 3607 vocabulum
951 3552 991 3608 ab
1014 3552 1122 3607 erroris
1146 3551 1320 3626 suspicione
1343 3551 1533 3615 defendunt.

230 3661 337 3710 contra
358 3652 390 3708 in
412 3652 479 3726 ipso
503 3652 653 3709 sacrificio
676 3653 762 3726 quod
784 3651 875 3707 finem
897 3652 1087 3708 venerationi
1115 3651 1189 3708 facit
1209 3671 1265 3708 une
1287 3651 1350 3708 sive
1372 3670 1473 3725 umne,
1498 3653 1534 3713 id

230 3772 298 3811 cum
321 3753 396 3810 alias
420 3761 618 3810 recenseatur
639 3755 718 3809 inter
739 3771 788 3810 res
804 3752 992 3810 deferundas
1015 3753 1046 3808 in
1063 3751 1244 3810 sacrificium
1260 3750 1301 3827 (11
1317 3755 1344 3810 A
1360 3755 1398 3813 19
1414 3762 1448 3810 et
1462 3752 1532 3835 34),

229 3854 289 3911 hoc
310 3855 379 3912 loco
400 3855 648 3930 praetermissum
669 3864 718 3912 est
734 3872 837 3929 neque
856 3856 1090 3911 adnumeratum
1105 3853 1201 3928 copiis
1219 3855 1329 3928 quibus
1351 3872 1400 3912 res
1424 3855 1535 3914 divina

229 3956 387 4013 instruitur
401 3956 520 4016 ceteris.
553 3974 648 4031 quare
669 3956 759 4012 valde
775 3955 848 4012 mihi
867 3954 1015 4012 Huschkii
1038 3954 1152 4012 arridet
1167 3955 1347 4013 coniectura
1359 3955 1535 4029 puneinci·

230 4074 297 4113 sum
313 4058 375 4115 aeri
386 4059 521 4132 putantis
534 4059 623 4134 culpa
636 4058 797 4115 caelatoris
815 4058 866 4132 qui
882 4075 944 4112 ume
959 4057 1005 4113 vel
1021 4074 1102 4112 umen
1119 4073 1188 4112 cum
1203 4056 1331 4113 manteli
1346 4057 1535 4116 consociare

231 4158 382 4217 debuerit.
425 4177 444 4215 n
467 4157 563 4215 finalis
586 4159 685 4233 potuit
708 4158 821 4232 negligi
845 4159 930 4214 utin
954 4176 1041 4216 nome.
1076 4157 1105 4213 Il
1121 4157 1147 4213 A
1163 4158 1202 4215 38
1226 4157 1396 4231 composita
1419 4156 1533 4216 habui·

230 4276 297 4316 mus
318 4277 432 4316 nomen
448 4269 479 4316 et
496 4260 622 4316 verbum
643 4260 728 4332 spr'rm
751 4265 841 4324 umtu,
864 4277 947 4314 umne
961 4257 1144 4332 persm'hmu,
1169 4276 1226 4315 nec
1243 4259 1370 4316 dubium
1387 4264 1438 4335 est
1454 4259 1535 4319 iliud

230 4362 302 4434 quin
325 4362 364 4417 sit
386 4360 520 4434 unguiio,
543 4358 602 4416 hoc
624 4361 755 4433 unguine
770 4360 818 4415 vel
835 4364 991 4433 unguente.
1027 4357 1251 4416 conferendum
1274 4358 1426 4434 inprimis
1449 4376 1534 4433 pon·

230 4460 343 4518 tificum
365 4479 421 4518 usu
445 4461 657 4518 Romanorum
680 4460 883 4516 inveteratum
907 4465 1043 4516 omentum
1067 4461 1151 4534 quod
1173 4460 1288 4535 pingue
1311 4459 1413 4515 vocari
1435 4461 1534 4532 solet,

230 4563 316 4636 quod
338 4564 462 4637 adipem
482 4561 654 4635 mollesque
676 4562 870 4618 membranas
893 4560 1044 4634 significat
1060 4562 1170 4634 quibus
1193 4577 1303 4618 osseae
1325 4559 1535 4637 durioresque

230 4649 342 4720 ventris
364 4672 469 4739 partes
492 4663 764 4728 circumretiuntur‚
799 4663 884 4736 quod
907 4663 1029 4719 flamma
1052 4662 1166 4736 liquefit
1188 4663 1220 4718 in
1248 4661 1341 4718 sacris
1363 4669 1398 4717 ut
1421 4660 1535 4725 Vlixes
