3742 5364
754 350 793 408 39
1325 348 1422 407 vnit

121 534 186 594 ΙΑ
210 537 260 602 26,
293 535 367 592 item
389 535 419 591 in
442 552 514 591 arvo
537 553 626 591 ovem
647 534 692 591 ΠΙ
715 536 765 601 32,
798 535 932 608 denique
954 535 1156 609 perlitationis
1175 526 1271 595 'causa
1294 534 1422 591 arietem

121 636 243 703 11A63
268 637 370 693 catulo
393 646 425 692 et
447 637 505 703 ovi,
528 653 607 709 quae
631 636 695 692 sola
716 654 752 690 ex
776 635 823 691 his
845 635 992 692 sacrificia
1015 637 1186 694 accuratius
1200 637 1423 714 describuntur,
1469 629 1471 634 ’

121 755 186 793 non
202 757 269 794 erus
293 745 411 793 tantum
435 738 491 793 sed
507 737 599 793 etiarn
613 734 691 813 tesra
714 753 794 809 quae
816 736 1055 793 incenderentur
1076 748 1169 797 antea
1192 741 1319 796 desecta
1342 746 1423 812 sunt,

122 838 194 895 huic
225 840 288 895 duo
321 838 362 895 illi
395 845 524 912 septem,
559 845 592 892 ut
615 837 713 893 carnis
748 844 837 911 putes
867 856 929 893 non
959 839 1002 894 ita
1024 839 1152 896 multum
1174 840 1327 907 relictum;
1365 857 1423 897 eae

123 939 244 998 hostiae
260 958 388 1015 quarum
411 957 518 997 carnes
541 939 602 1019 hoc
617 941 744 995 decreto
760 940 993 1007 distribuuntur,
1017 941 1048 996 in
1063 941 1169 997 tabula
1189 941 1256 997 ΠΒ
1280 959 1338 998 nec
1359 942 1423 1015 pel·

124 1042 185 1098 sari
207 1041 345 1098 feruntur
369 1058 432 1097 nec>
449 1040 620 1116 pelsandae
643 1041 750 1099 curari.
794 1040 882 1114 pellis
905 1040 1065 1097 detractae
1088 1043 1246 1098 notionem
1269 1061 1338 1099 cum
1359 1043 1424 1117 plu-

124 1143 200 1200 rima
223 1143 371 1201 sacrificia
404 1144 563 1218 recipiant,
598 1151 701 1199 tamen
733 1142 809 1198 illud
832 1143 917 1216 quod
946 1144 1076 1217 primum
1097 1144 1263 1200 memoravi
1286 1161 1424 1218 prorsum

124 1245 275 1318 repudiat.
299 1245 401 1300 omnia
424 1245 560 1302 comburi
583 1263 620 1300 ex
642 1252 710 1300 toto
733 1243 914 1318 sepelirique
936 1262 997 1319 quo
1019 1245 1118 1302 minus
1142 1246 1250 1302 credas
1273 1245 1346 1300 nihil
1369 1245 1425 1300 ob·

125 1355 198 1413 stat,
220 1346 312 1402 immo
336 1348 421 1421 quod
454 1363 507 1419 pes
532 1344 624 1402 catuli
658 1352 795 1401 servatur
828 1353 984 1418 tamquam
1005 1362 1041 1401 os
1063 1354 1227 1414 resectum,
1262 1345 1321 1401 hoc
1343 1346 1424 1401 illum
1465 1417 1466 1420 Ἴ

123 1445 218 1503 tinem
242 1448 364 1504 videtur
385 1447 581 1520 portendere.

226 1567 323 1604 sorser
358 1556 389 1604 et
411 1547 549 1603 cubrz'ner
583 1546 662 1602 inter
695 1563 727 1601 se
752 1546 904 1602 contraria
937 1554 1017 1606 sunt.
1073 1566 1143 1604 cum
1168 1546 1228 1604 hoc
1250 1555 1355 1621 aperte
1386 1548 1424 1604 sit

124 1649 247 1722 caprini
266 1666 396 1723 cumque
420 1649 639 1704 semenstribus
663 1648 793 1703 decuriis
815 1666 855 1703 ex
877 1649 979 1705 tabula
999 1647 1063 1704 IlB
1087 1656 1194 1723 pateat
1216 1666 1274 1705 nec
1296 1649 1426 1723 impera-

123 1759 189 1807 tam
225 1750 314 1808 ullam
338 1751 470 1807 hostiam
503 1750 595 1806 fuisse
630 1767 688 1806 nec
722 1748 924 1806 sacrificatam
955 1767 1018 1824 pro-
1046 1750 1212 1807 foederatis
1245 1751 1363 1807 cunctis
1385 1751 1425 1806 de

124 1853 281 1908 communi
304 1860 427 1926 praeter
450 1869 535 1907 suem
559 1860 590 1907 et
613 1868 747 1924 caprum,
772 1858 888 1906 certum
910 1858 958 1906 est
980 1851 1011 1906 in
1030 1851 1132 1924 primis
1155 1851 1196 1908 illi
1211 1851 1362 1909 vocabulo
1383 1851 1426 1906 la·

123 1952 223 2008 tinum
246 1969 415 2025 congruere
436 1953 534 2020 suilli,
557 1959 620 2009 tam
643 1961 759 2009 certum
782 1959 816 2006 ut
838 1951 897 2006 hoc
921 1968 981 2006 uno
1007 1951 1076 2008 loco
1099 1953 1186 2008 inniti
1210 1959 1353 2027 oporteat
1376 1970 1426 2008 ce-

124 2061 262 2110 terorum
284 2054 395 2129 quibus
417 2054 502 2110 idem
514 2054 696 2110 vocabulum
719 2053 830 2126 legitur
852 2053 1073 2109 enodationem
1096 2054 1241 2113 omnium.
1272 2054 1426 2109 incudum

125 2155 227 2226 igitur,
249 2162 281 2210 ut
297 2163 416 2210 veteres
429 2155 533 2215 Vmbri
557 2154 738 2227 scriptitant,
760 2155 863 2209 media
887 2153 987 2210 littera
1003 2171 1095 2227 quam
1117 2172 1218 2228 perra
1239 2154 1426 2228 posteriores

127 2256 301 2330 exprimunt
324 2257 460 2329 itemque
484 2273 542 2329 ego
566 2256 745 2321 transcribe,
770 2255 882 2311 latinae
905 2272 1061 2329 oscaeque
1084 2257 1098 2310 l
1118 2257 1285 2329 respondet
1293 2271 1300 2323 ;
1320 2273 1426 2329 quem·

125 2357 298 2412 admodum
331 2357 413 2412 arsz'r
436 2358 517 2412 altus
539 2357 609 2423 allo,
633 2355 781 2434 sauzersiu
796 2352 932 2431 famelica
951 2353 1076 2432 semele,
1107 2357 1166 2414 alia
1199 2358 1230 2413 in
1253 2357 1346 2413 tribus
1380 2357 1425 2412 his

125 2458 267 2514 dialectis
291 2475 533 2532 usquequaque
564 2459 670 2532 parilia
699 2466 803 2514 tamen
831 2456 882 2512 illa
904 2466 992 2531 parte
1014 2458 1169 2514 disiuncta
1191 2467 1269 2532 sunt,
1304 2459 1348 2515 sic
1370 2475 1426 2533 pro

125 2578 205 2615 sorso
228 2560 321 2616 latine
345 2561 415 2616 licet
438 2562 524 2616 dicas
546 2561 652 2618 sulruu.
698 2577 766 2614 cum
788 2559 887 2615 brevis
910 2567 993 2615 esset
1018 2578 1036 2613 u
1061 2561 1182 2628 vocalis,
1215 2560 1302 2616 lusco
1323 2560 1427 2616 colore

126 2660 252 2717 adlecta
276 2650 311 2717 et
331 2661 465 2717 obtunsa
496 2661 724 2734 pronuntiando
749 2660 949 2732 degeneravit
971 2660 1002 2716 in
1022 2679 1046 2728 0,
1081 2669 1114 2717 ut
1136 2678 1230 2717 nurus
1254 2662 1284 2716 in
1307 2679 1425 2718 norum.

126 2780 192 2818 non
216 2770 333 2818 tantum
350 2763 533 2818 adiectivum
556 2761 615 2817 hoc
637 2760 758 2816 Vmbris
782 2760 846 2828 fuit,
870 2760 1040 2817 sedetiam
1063 2763 1244 2835 appellativa
1269 2764 1426 2836 potestate

127 2881 238 2936 parvos
262 2881 332 2919 sues
349 2864 508 2920 denotavit
530 2863 577 2918 vel
599 2863 723 2930 suculas,
748 2862 831 2936 quod
856 2879 968 2917 nomen
991 2863 1029 2918 ab
1052 2863 1101 2918 illo
1121 2864 1194 2920 satis
1217 2880 1314 2938 prope
1338 2863 1427 2920 abest

130 2982 200 3020 cum
215 2973 337 3021 auctum
358 2965 396 3020 sit
412 2964 526 3039 syllaba
542 2982 602 3019 una
618 2982 710 3038 quam
732 2964 921 3019 homunculus
943 2965 1064 3038 accepit
1086 2965 1116 3020 in
1136 2965 1341 3040 deminutivis,
1365 2983 1427 3021 non

128 3067 248 3141 accepit
269 3066 423 3126 hourullus,
468 3066 581 3139 pariter
613 3067 652 3122 ab
685 3083 766 3140 equo
789 3065 907 3139 equilus
940 3067 1103 3122 descendit
1125 3067 1171 3122 vel
1203 3066 1318 3125 eculus.
1364 3067 1428 3122 eius

128 3168 214 3224 modi
235 3165 336 3241 sudus
350 3168 381 3222 id
405 3174 452 3221 est
473 3165 626 3240 porcellos
647 3167 723 3222 scito
747 3184 801 3222 eos
825 3184 894 3222 esse
918 3168 968 3241 qui
991 3168 1193 3241 porriciuntur
1215 3167 1276 3225 tab.
1299 3166 1352 3224 lA
1376 3168 1427 3232 33,

128 3267 340 3340 Arvaliumque
352 3266 476 3322 fratrum
499 3267 755 3323 consuetudinem
777 3276 932 3323 memento
955 3267 1097 3341 porcilias
1119 3268 1290 3341 piaculares
1308 3276 1337 3324 et
1358 3285 1427 3342 por-

129 3386 182 3424 cas
203 3368 370 3442 piaculares
393 3368 475 3425 nullo
499 3368 673 3423 discrimine
694 3369 893 3424 vocitantium
916 3365 961 3441 (in
984 3369 1108 3444 synopsi
1120 3367 1322 3424 Henzeniana
1344 3386 1374 3443 p.
1389 3371 1429 3427 20

132 3477 165 3526 et
189 3467 251 3543 21).
297 3468 327 3523 hi
350 3486 368 3523 a
391 3469 522 3543 porciliis
553 3469 656 3524 denuo
687 3469 862 3526 derivarunt
892 3477 979 3526 extas
1003 3470 1192 3544 porciliares,
1216 3488 1279 3540 non
1302 3470 1389 3527 aliter
1411 3489 1430 3526 a

130 3587 218 3627 sorso
241 3568 347 3625 Vmbri
367 3570 524 3627 vesticiam
547 3569 705 3629 sorsalem.

224 3676 326 3744 partes
347 3671 463 3746 scripsi,
497 3689 566 3727 cum
588 3679 693 3727 tamen
715 3671 798 3744 pacti
820 3670 956 3728 formula·
973 3671 1198 3727 dubitationem
1228 3671 1359 3742 adferat,
1382 3672 1438 3751 ves

129 3772 196 3828 illas
229 3772 380 3829 umbricas
414 3779 516 3828 utrum
539 3771 591 3827 viri
626 3772 698 3826 boni
731 3772 877 3827 arbitratu
900 3772 1095 3846 dispensatas
1118 3789 1158 3828 an
1191 3773 1272 3830 iusto
1303 3783 1428 3831 exactas

130 3874 268 3948 pondere
292 3873 464 3932 credamus.
510 3872 570 3928 hoc
593 3873 719 3945 quidem
741 3873 847 3946 utique
880 3873 1044 3946 ignoratur.
1088 3873 1214 3947 plenum
1242 3893 1355 3932 nornen
1379 3873 1436 3952 ves

130 3974 251 4030 videtur
273 3991 347 4029 casu
370 3984 479 4048 quarto
502 3974 714 4041 multitudinis
737 3993 800 4030 non
826 3982 900 4031 nota
923 3974 1067 4047 longioris
1090 3994 1126 4031 ac
1149 3975 1292 4049 bipertiti,
1337 3997 1356 4034 a
1379 3995 1429 4033 ve·

129 4075 236 4131 hendo
250 4075 386 4132 Romani
405 4093 579 4135 mensuram
601 4077 758 4150 quandam
780 4076 975 4132 nominarunt
996 4075 1080 4150 ligna
1103 4076 1225 4133 faenum
1249 4077 1352 4135 fimum
1374 4080 1430 4135 de·

130 4175 271 4232 finientes
293 4176 430 4244 vehibus,
466 4177 627 4233 sedenim
660 4175 833 4250 significatu
866 4171 922 4250 ves
936 4176 1157 4233 diversissimas
1190 4178 1284 4235 fuisse
1317 4180 1429 4240 elucet.

124 4278 269 4350 porct'nae
295 4279 394 4350 pondo
417 4296 482 4345 sex,
513 4278 652 4349 cuprzuae
678 4279 778 4350 pondu
803 4279 891 4333 decem
914 4275 1068 4351 Vopiscus
1090 4278 1170 4334 vitae
1193 4277 1285 4336 Probi
1308 4299 1375 4355 cap.
1399 4286 1430 4350 4,

131 4397 236 4436 verum
251 4381 349 4452 pondo
371 4379 472 4434 vidisti
497 4378 593 4453 iguvii
614 4387 690 4435 nota
712 4396 838 4434 romana
859 4379 1005 4452 scriptum
1021 4387 1054 4451 p.
1092 4385 1195 4452 parles
1217 4381 1433 4455 interpretanti

131 4480 213 4538 favet
236 4480 321 4554 quod
343 4479 358 4534 Ι
381 4479 404 4535 Β
429 4482 467 4538 29
491 4479 599 4552 legitur
622 4479 830 4536 enuntiatum:
865 4480 990 4536 vascula
1014 4486 1078 4536 velu
1102 4490 1168 4539 atra
1192 4482 1271 4547 alba,
1304 4498 1377 4537 nam
1401 4495 1436 4543 et

132 4581 271 4638 simillimi
293 4581 417 4636 verbum
441 4581 508 4636 soni
531 4588 578 4638 est
600 4589 632 4637 et
654 4579 835 4636 divisionem
858 4581 931 4639 iacit
943 4582 1028 4638 color
1052 4583 1129 4642 alter
1151 4584 1238 4641 alteri
1260 4583 1441 4658 oppositus,

224 4688 330 4756 prelru
352 4700 370 4738 a
392 4699 477 4757 prae,
501 4691 534 4738 ut
548 4687 653 4755 postra
676 4698 694 4735 a
715 4689 796 4753 post.
825 4676 956 4758 ‘iamque
979 4682 1036 4738 hos
1062 4703 1160 4754 cursu,
1187 4686 1247 4742 iarn
1268 4689 1396 4758 praeter
1423 4693 1450 4750 it
