3742 5364
233 369 343 432 vluti
356 395 395 422 =
408 368 467 431 11³8
858 365 898 427 82

234 557 356 632 passivo
377 573 492 630 genere
514 555 556 611 ad
578 553 660 628 quod
684 553 744 608 iam
767 552 979 626 confugiamus
1011 559 1133 626 oportet
1162 567 1231 607 cum
1255 547 1355 616 ibitur,
1385 549 1539 624 quoniam

234 676 293 715 nec
315 659 482 732 legitimum
497 665 545 712 est
561 656 590 711 in
605 655 664 710 hac
679 655 794 728 protasi
812 653 941 709 futurum
959 653 1087 726 simplex
1103 660 1134 708 et
1151 651 1239 707 huius
1257 650 1385 707 formam
1401 649 1483 706 VIB
1495 651 1538 709 54

234 759 360 816 exbibet
382 760 426 815 ier
447 758 616 832 proximam
640 756 678 812 ab
702 757 802 812 activo
825 770 881 811 suo
906 757 958 810 r'esl
979 755 1027 812 ies.
1072 752 1144 810 nihil
1159 762 1256 809 restat
1273 753 1329 809 nisi
1350 761 1384 808 ut
1400 751 1558 831 futurum·

233 860 345 934 passivi
366 859 494 916 alterum
518 859 558 913 ise
580 864 751 913 statuamus
774 855 831 911 ritu
855 855 1017 911 latinorum
1041 870 1246 927 oscorumque
1269 854 1391 909 iussitur
1412 861 1444 910 et
1463 871 1538 910 com·

227 966 419 1034 porascuster
441 959 629 1015 declinatum
652 975 690 1012 ex
705 957 806 1013 activo
829 973 885 1013 suo
909 961 968 1011 rias!
988 957 1044 1023 ius,
1067 956 1250 1029 compressis
1274 956 1355 1011 enim
1376 956 1537 1012 vocalibus

234 1061 357 1119 adiecta
380 1061 492 1136 passivi
512 1068 587 1117 nota
611 1059 643 1115 iit
667 1060 734 1124 iter,
757 1075 849 1131 porro
874 1059 914 1113 ise
936 1066 968 1115 ut
990 1057 1087 1113 herter
1108 1056 1195 1116 herle.
1241 1056 1354 1114 habeto
1377 1056 1469 1130 igitur
1484 1072 1537 1114 ac·

234 1162 368 1220 curatius
392 1178 483 1236 qnam
506 1160 641 1217 festivius
675 1176 854 1233 expressum
886 1160 946 1215 siue
977 1159 1028 1215 hor
1060 1177 1175 1214 socrum
1210 1159 1343 1214 zuiiolum
1375 1158 1443 1214 itum
1466 1160 1536 1219 erit.

234 1264 380 1320 ambitum
405 1263 564 1319 verborum
587 1272 618 1317 et
640 1261 809 1316 anfractum
832 1278 872 1316 ne
887 1260 1017 1316 moleste
1041 1260 1131 1333 feras,
1155 1277 1193 1316 eo
1209 1260 1412 1334 posteriorem
1433 1261 1477 1317 in.
1491 1260 1536 1316 lu-

233 1373 332 1421 turum
356 1363 427 1420 vitio
450 1363 549 1420 locum
566 1363 773 1436 adsignabant
789 1360 962 1434 malumque
978 1379 1070 1417 omen
1086 1362 1266 1418 avertebant
1286 1361 1414 1434 longius.
1438 1362 1537 1417 etiam

234 1465 318 1539 apud
340 1464 468 1522 Latinos
491 1465 718 1539 percrebruisse
752 1463 825 1518 olim
848 1461 909 1518 hoc
931 1464 1056 1518 dicendi
1080 1481 1178 1535 genus
1202 1463 1390 1519 documento
1417 1471 1467 1519 est
1491 1463 1538 1519 in·

234 1574 370 1621 veterata
393 1583 430 1621 ac
453 1574 603 1639 perpetua
625 1564 762 1620 infinitivi
785 1564 905 1637 species
927 1572 1009 1636 spero
1033 1563 1131 1619 urbem
1148 1568 1291 1619 seruatum
1315 1562 1366 1621 iri.
1409 1572 1442 1619 at
1463 1560 1539 1619 urbs
1605 1617 1609 1625 ,

232 1672 374 1722 seruatum
398 1667 459 1720 itur
481 1665 614 1722 exolevit
636 1666 771 1734 omnino,
806 1673 836 1720 et
867 1681 935 1720 cum
957 1665 1048 1738 paulo
1071 1664 1213 1719 remotius
1237 1665 1396 1731 videretur,
1430 1680 1538 1721 exem·

232 1766 316 1841 plum
340 1765 455 1823 Gellius
478 1767 506 1822 X
527 1769 564 1824 14
587 1786 605 1822 e
629 1765 748 1822 Catone
770 1767 918 1839 prompsit
946 1764 1005 1821 hoc
1028 1765 1197 1821 coutunzclio
1220 1782 1295 1838 quae
1318 1764 1391 1820 nrr'lri
1401 1773 1459 1837 per
1480 1764 1538 1820 ltu·

220 1868 310 1922 ‘iusce
324 1866 520 1939 petulantiam
533 1866 651 1945 focium
674 1867 743 1924 itur.
781 1866 907 1922 similem
925 1865 1044 1921 Vmbris
1060 1866 1279 1921 recentioribus
1296 1865 1388 1922 fuisse
1407 1882 1538 1922 causam

233 1985 287 2024 cur
306 1967 365 2024 hoc
389 1967 459 2024 loco
485 1970 595 2025 veteris
618 1968 800 2042 exemplaris
823 1976 1002 2024 structuram
1018 1976 1181 2033 mutarent,
1204 1983 1266 2022 uon
1286 1967 1384 2023 ausim
1404 1976 1538 2023 conten·

233 2067 306 2123 dere
330 2069 497 2142 respiciens
520 2068 601 2126 Bet
626 2078 656 2123 et
679 2069 718 2126 65
745 2066 857 2126 benrtso.
899 2075 980 2122 certe
1004 2076 1105 2122 tamen
1131 2075 1295 2125 mutarunt.
1340 2084 1411 2122 nam
1434 2067 1465 2122 in
1491 2074 1539 2123 ta·

232 2169 304 2225 bula
326 2168 370 2226 VI
398 2170 544 2243 scriptum
567 2179 615 2226 est
642 2187 730 2224 esome
753 2187 833 2223 esono
861 2175 1000 2224 vaselome
1023 2165 1103 2243 sust,
1137 2185 1216 2241 quae
1239 2185 1308 2224 cum
1337 2168 1475 2224 inaudita
1505 2177 1539 2225 et

232 2271 449 2344 inexplicabilis
475 2279 623 2328 structura
647 2272 809 2336 videretur,
833 2272 949 2345 lapsum
973 2287 1041 2326 esse
1057 2271 1207 2326 aerarium
1222 2270 1323 2343 aliquo
1345 2285 1448 2326 errore
1471 2278 1538 2326 sta·

232 2372 404 2427 tuebamus.
452 2372 570 2444 optime
605 2373 704 2428 oratio
739 2373 782 2427 sic
815 2372 998 2446 procederet
1032 2390 1076 2426 eso
1112 2389 1191 2426 esono
1213 2377 1332 2426 oaselom
1345 2369 1423 2447 fust,
1457 2370 1537 2427 istas

231 2487 303 2526 vero
326 2488 469 2528 resecare
494 2472 609 2529 litteras
632 2482 765 2546 quantae
791 2472 869 2528 foret
892 2473 1081 2531 temeritatis.
1125 2472 1238 2546 placuit
1261 2473 1351 2545 igitur
1372 2471 1459 2528 aliter
1488 2473 1537 2528 di·

232 2572 387 2645 stinguere
411 2573 537 2640 litteras,
568 2580 690 2629 vuselom
714 2572 802 2650 esuri,
831 2575 995 2647 adsumpto
1020 2572 1183 2629 adlertoris
1216 2573 1341 2628 nomine
1375 2588 1536 2646 exponere

230 2673 289 2730 stoc
309 2671 487 2745 sacrificium
511 2673 643 2728 usitatum
668 2673 745 2729 ierit.
793 2681 876 2729 recte
900 2674 938 2728 sit
961 2671 1043 2749 esuri,
1068 2690 1138 2727 uam
1161 2668 1381 2747 aruir—ejurent
1401 2671 1537 2746 legimus

233 2772 276 2830 Vl
291 2774 314 2829 B
329 2775 379 2843 56,
403 2791 481 2830 neve
497 2773 705 2840 addubitetur,
729 2791 914 2847 quamquam
938 2774 997 2827 ries!
1016 2790 1070 2846 pro
1093 2773 1161 2828 r'ert'l
1180 2782 1227 2829 est
1243 2773 1361 2829 brevius
1378 2782 1409 2830 et
1425 2774 1538 2833 exilius

232 2872 277 2928 VI
291 2874 317 2930 A
331 2877 364 2932 7:
388 2882 419 2930 at
442 2891 504 2947 quo
528 2884 619 2947 pacto
643 2875 845 2948 expediemus
868 2869 972 2929 esonte?
1004 2875 1136 2930 resecari
1158 2890 1259 2929 rursus
1281 2890 1360 2948 opus
1383 2882 1449 2930 erat
1474 2875 1539 2932 sal·

233 2982 295 3030 tem
319 2994 333 3028 c
355 2982 534 3042 extremam,
559 2993 630 3032 nam
654 2977 684 3030 in
706 2975 759 3030 [τοι
791 2984 843 3030 aut
868 2976 910 3030 od
927 2974 979 3029 hoc
1001 2973 1178 3046 sacraficium
1205 2991 1296 3048 quem
1328 2991 1434 3031 casum
1467 2992 1539 3032 um·

233 3076 316 3131 brica
339 3075 483 3142 referunt,
518 3095 587 3131 eum
618 3077 642 3132 si
675 3077 817 3132 adstruas
848 3076 905 3131 illis
936 3076 1067 3131 valiatam
1091 3076 1167 3141 ierit,
1199 3092 1341 3148 perversa
1363 3076 1478 3132 evadat
1503 3086 1537 3135 et

230 3176 335 3251 inepta
358 3177 466 3234 oratio,
512 3194 621 3250 nempe
645 3195 733 3232 esome
756 3186 789 3233 ut
804 3194 843 3232 ne
859 3176 1083 3233 confundamus
1107 3194 1176 3232 cum
1194 3174 1312 3244 esumek,
1335 3177 1380 3232 vel
1404 3177 1539 3236 demon·

231 3278 374 3334 strativae
398 3279 623 3352 appendiculae
647 3287 756 3334 natura
780 3280 900 3335 evincet
923 3279 968 3333 vel
1004 3279 1088 3352 quod
1111 3279 1298 3358 recentiores
1321 3278 1427 3335 Vmbri
1449 3278 1539 3337 claro

231 3394 268 3434 ac
289 3379 451 3451 perspicuo
474 3380 609 3435 sermoni
634 3380 789 3435 dederunt
805 3380 938 3436 studium
956 3379 1108 3435 lubricam
1124 3378 1274 3451 fugientes
1290 3380 1537 3452 ambiguitatem.

231 3496 271 3534 an
294 3497 458 3554 pergemus
482 3483 634 3555 corrigere
658 3482 806 3537 aerarium
832 3482 996 3538 scribendo
1023 3498 1141 3547 eromec,
1175 3489 1207 3537 ut
1230 3482 1400 3537 consistere
1433 3483 1539 3555 possit

230 3581 306 3660 efust
319 3583 472 3656 eundique
489 3583 613 3638 verbum
629 3583 752 3639 tabulae
767 3584 885 3656 utrique
902 3578 1068 3638 vindicari?
1091 3591 1122 3637 at
1142 3601 1230 3637 esome
1245 3592 1276 3637 et
1291 3587 1426 3638 vusetome
1441 3581 1533 3642 haurd

228 3682 319 3739 facile
340 3683 523 3739 crediderim
546 3700 619 3739 casu
646 3682 761 3739 factum
786 3692 819 3738 ut
839 3684 951 3757 pariter
973 3684 1101 3739 exirent.
1147 3683 1228 3739 malo
1259 3684 1361 3739 omnia
1396 3686 1531 3758 experiri

229 3784 261 3840 iu
283 3785 520 3858 interpretandis
545 3785 589 3841 eis
612 3801 692 3858 quae
715 3802 768 3841 aes
791 3785 943 3858 insculpta
964 3785 1066 3842 habet.
1112 3784 1243 3839 fortasse
1269 3802 1330 3858 quo
1366 3786 1461 3841 modo
1489 3786 1536 3844 la·

230 3884 293 3939 tine
321 3883 349 3939 si
375 3885 405 3938 in
428 3902 488 3939 rem
514 3890 555 3939 est
586 3885 695 3940 dicitur
719 3885 768 3955 vel¹
788 3886 819 3940 in
839 3884 891 3940 hoc
912 3902 968 3958 pro
992 3885 1060 3952 ideo,
1096 3885 1138 3940 ita
1170 3886 1306 3941 umbrica
1333 3893 1413 3957 soepo
1443 3903 1538 3944 esome

229 3983 400 4061 monasteri,
435 3985 496 4040 sive
519 3986 550 4040 in
572 3985 625 4041 hoc
645 3984 822 4058 sacrificium
844 3986 903 4040 erit
922 3986 1131 4058 intellegenda
1154 3994 1238 4041 sunt:
1277 3987 1301 4041 si
1329 3984 1417 4042 huius
1452 3989 1537 4045 sacri

229 4087 306 4142 ratio
330 4095 450 4159 poscet,
474 4086 498 4140 si
521 4086 586 4141 eius
609 4086 754 4146 intererit.
799 4095 863 4141 turn
886 4087 1007 4142 accedit
1030 4087 1114 4160 quod
1137 4087 1351 4143 condicionem
1372 4103 1537 4146 causamve

231 4185 349 4241 indicat
370 4186 563 4261 participium
586 4192 731 4255 nesciente,
755 4189 785 4242 in
808 4187 953 4252 stitutum,
977 4196 1085 4261 utpote
1107 4189 1154 4244 cui
1178 4189 1282 4244 vitium
1305 4189 1464 4246 obvenerit
1486 4190 1537 4248 in·

232 4286 432 4342 termissione.
457 4287 628 4360 duplicatur
649 4289 833 4362 postpositio
850 4288 943 4344 etiam
965 4289 996 4344 in
1018 4288 1072 4344 illis
1096 4288 1244 4344 artissime
1268 4288 1414 4362 colligatis
1439 4307 1536 4348 ocrem

232 4385 350 4450 bitrem,
376 4394 461 4442 tanto
480 4389 592 4444 rectius
615 4389 762 4461 repetitur
785 4389 816 4443 iu
837 4389 998 4462 participio
1022 4387 1237 4445 condicionali.

330 4489 370 4544 47
393 4487 487 4565 reslef
502 4507 591 4545 esunu
601 4489 684 4566 scitu
717 4491 758 4546 ad
781 4490 905 4546 verbum
933 4491 1043 4546 z'lcrans
1071 4508 1184 4545 sucrum
1205 4488 1312 4566 factio.
1361 4507 1431 4546 nam
1457 4489 1536 4549 illud

230 4592 338 4642 restent
361 4597 408 4643 est
431 4590 494 4644 slve
516 4596 638 4658 restans,
662 4592 745 4647 unde
769 4590 875 4646 Vmbri
897 4590 1003 4650 II'A5
1025 4596 1134 4646 retiola
1152 4608 1208 4665 pro
1231 4591 1407 4658 instaurato,
1430 4590 1537 4651 Latini

230 4688 394 4744 restibilem
427 4707 534 4762 agrum
564 4692 669 4748 dixere
703 4694 752 4767 qui
786 4692 952 4767 quotannis
985 4701 1198 4748 consereretur
1230 4699 1283 4746 aut
1315 4690 1361 4746 bis
1385 4691 1415 4746 iu
1438 4710 1536 4764 auno,
