3742 5364
694 333 753 392 197

225 537 349 592 gravem
373 515 485 589 (fodito
509 519 635 592 fodito),
667 519 715 575 vix
745 528 850 594 potest
883 519 1016 576 decerni.
1050 524 1191 592 purluelu
1208 519 1371 591 pardovilu

226 639 284 696 ego
309 629 449 696 correpta
471 622 659 696 paenultima
686 621 883 695 pronuntiare
915 621 1075 688 consuevi,
1109 621 1294 696 productam
1327 627 1372 676 ta-

224 741 296 779 men
319 723 457 780 vocalem
480 722 629 779 derivatio
653 722 802 778 simillima
825 721 948 777 exhibet
971 739 1051 795 pass.
1076 721 1252 780 arrovz'ln'mu.

324 843 346 892 e,
372 825 386 878 z·
405 808 528 896 longam
557 823 672 880 habent
701 822 805 879 babela
826 821 938 888 habitu,
975 823 1082 878 turrita
1101 831 1225 888 terreto,
1259 822 1371 877 tremz‘lu

226 935 320 981 treme
336 925 439 993 facito,
462 926 566 982 kadelu
582 927 692 981 carsitu
708 920 853 991 καλείτω,
875 925 966 979 scrita
982 931 1112 992 servam,
1130 925 1288 997 amparem,
1304 924 1370 982 alia.

323 1032 435 1083 naratu
451 1032 570 1099 portatu
585 1026 693 1100 pr'hatu
716 1026 846 1101 saplutu,
870 1031 980 1081 reslalu
1000 1025 1141 1101 slatz'latu,
1165 1025 1293 1080 aserz'atu
1317 1025 1371 1080 ob·

225 1136 364 1187 servato·
381 1127 543 1201 prusekatu
566 1127 628 1184 tab.
651 1126 695 1183 III
716 1125 769 1193 IV,
797 1125 959 1200 prusekatu
987 1135 1051 1182 tum
1075 1125 1217 1199 pruseklu
1237 1125 1305 1181 IIA
1321 1127 1370 1182 28.

225 1229 347 1285 unicum
368 1226 467 1283 subola
490 1235 632 1301 suppat0,
655 1227 761 1302 partie.
784 1225 915 1295 subalor,
943 1235 1002 1284 vet.
1026 1227 1096 1302 imp.
1119 1225 1242 1282 subahtu
1265 1243 1372 1301 quam-

226 1347 317 1403 quam
341 1330 450 1385 ceteris
473 1327 558 1385 huius
579 1329 700 1402 generis
723 1327 910 1402 imperativis
933 1346 996 1384 non
1019 1328 1265 1402 interposuerunt
1287 1326 1313 1386 t.

323 1430 398 1504 plur.
419 1432 437 1488 3
460 1429 605 1503 figuratur
626 1447 680 1504 per
702 1435 770 1496 tulo,
798 1430 829 1485 in
852 1428 1075 1487 tantillula.
1110 1428 1278 1485 communis
1302 1447 1372 1484 cum

224 1531 300 1606 plur.
321 1534 339 1589 2
362 1531 546 1597 terminati0‚
568 1539 601 1587 ut
625 1531 761 1586 ostendit
768 1529 872 1609 fututa
895 1538 1006 1588 estote.

324 1638 400 1688 etuta
424 1637 497 1688 eluto
519 1640 626 1696 eunt0,
639 1631 758 1709 sertula
783 1631 915 1698 semoto,
938 1629 1034 1687 batuto
1051 1631 1206 1705 capiunt0,
1230 1637 1372 1687 uslenluta

225 1735 424 1792 ostendunt0.
470 1735 564 1788 arbuta
588 1742 715 1808 agunto,
751 1733 889 1788 stabilate
913 1741 1025 1790 stanto.
1072 1732 1208 1789 babelulu
1236 1731 1370 1801 habituro,

224 1840 346 1891 lusetutu
369 1835 513 1893 tursilula

323 1936 398 2010 plur.
423 1938 441 1993 2
465 1937 526 1992 duo
547 1944 668 1992 exstant
692 1935 847 2009 exempla,
866 1932 972 2010 fututa
999 1935 1071 1991 illud
1102 1943 1132 1991 et
1158 1936 1279 1992 brevius
1313 1936 1372 1993 hoc

224 2044 297 2093 elato
321 2037 404 2111 quod
425 2036 454 2092 in
476 2044 535 2092 vet.
559 2037 708 2111 scriptura
730 2054 792 2092 non
816 2036 1011 2110 distinguitur
1032 2054 1050 2091 a
1078 2036 1153 2114 sing.
1179 2039 1197 2094 2
1221 2038 1249 2101 3,
1280 2038 1371 2093 inter·

225 2145 360 2212 pretatus
383 2156 449 2194 sum
470 2155 498 2210 p.
518 2139 576 2195 103
599 2146 747 2210 tanquam
769 2143 885 2205 elatum,
915 2137 1027 2194 rectius
1051 2135 1182 2195 fortasse
1206 2145 1238 2193 ut
1249 2137 1370 2214 salu-la

225 2246 339 2294 esto-te
363 2238 406 2294 sic
428 2242 515 2293 ela-lo
536 2238 624 2294 ita-te
648 2255 718 2294 esse
742 2239 884 2295 censebis
907 2238 1135 2311 substituesque
1158 2239 1208 2308 ite,
1233 2240 1304 2296 licet
1325 2258 1370 2294 re-

226 2338 360 2411 fragetur
381 2355 510 2411 graecus
533 2338 706 2413 latinusque
729 2357 907 2398 consensus.
940 2341 978 2400 cf.
1001 2341 1072 2416 imp.
1097 2341 1216 2414 passivi.

72 2542 252 2598 infinitivum
275 2542 368 2598 verba
390 2542 514 2599 mittunt
536 2543 566 2598 in
590 2560 642 2611 om,
667 2549 700 2598 ut
723 2561 798 2598 erom
822 2559 895 2599 osce
918 2559 996 2597 caum
1018 2543 1066 2600 lat.
1091 2559 1169 2600 esse.

325 2642 410 2720 asera
434 2653 492 2705 vet.
517 2645 632 2722 (iseram
655 2646 856 2714 circumferre,
870 2645 963 2723 saria
976 2645 1059 2725 [αμα
1082 2647 1192 2704 facere.

323 2747 491 2803 thematum
516 2747 548 2802 in
578 2766 596 2801 a
627 2747 807 2803 absorbetur
839 2746 952 2803 vocalis
976 2756 1009 2803 ut
1035 2747 1066 2803 in
1092 2763 1177 2803 amo:
1212 2748 1297 2821 slz'plo
1331 2767 1370 2803 ex

222 2847 363 2923 stz'plaom,
377 2849 473 2903 aserio
489 2849 660 2906 observare.
680 2848 740 2905 hoc
755 2849 806 2904 ubi
820 2847 963 2921 scriptum
975 2856 1024 2904 est
1041 2845 1096 2922 (VI
1108 2844 1184 2922 Aa).
1207 2848 1247 2904 ibi
1269 2848 1369 2905 Latini

224 2947 323 3004 solent
346 2947 390 3004 uti
413 2948 558 3004 infinitivo
588 2949 709 3023 passivi,
738 2967 829 3023 quem
851 2948 958 3006 Vmbri
988 2967 1048 3022 qua
1071 2949 1189 3006 ratione
1212 2948 1369 3006 formarint

224 3049 387 3118 nescimus,
411 3050 449 3109 cf.
472 3049 565 3105 VIIB
584 3051 601 3106 2
626 3068 699 3106 erom
722 3050 824 3109 chiara.

74 3248 233 3321 participia
252 3248 421 3321 praesentis
445 3248 599 3305 declaravi
623 3249 699 3323 sing.
721 3266 801 3306 nom.
824 3247 911 3327 aedes
925 3267 999 3304 serse
1022 3248 1135 3304 sedens
1160 3248 1232 3323 imp.
1254 3249 1369 3317 semila,

224 3348 319 3428 restes
333 3356 405 3405 reste
427 3351 512 3425 quasi
533 3359 652 3407 restans
682 3351 752 3425 imp.
777 3356 898 3418 restam,
929 3349 1016 3429 kules
1034 3351 1119 3425 quod
1149 3357 1370 3407 commutatum

223 3460 271 3508 est
287 3471 355 3508 cum
371 3442 451 3520 tuias,
465 3451 591 3528 frehlrjf
605 3454 717 3527 p.134.
756 3452 888 3525 denique
911 3453 995 3507 uestri
1013 3453 1110 3507 vesteis
1132 3451 1202 3524 imp.
1219 3451 1369 3519 vestibula,

223 3571 252 3627 p.
270 3555 318 3612 53.
356 3555 430 3627 sing.
448 3552 505 3612 abl.
521 3555 590 3608 teate
606 3548 762 3626 διδόντος,
785 3571 814 3626 p.
832 3554 881 3611 30.
922 3552 997 3627 plur.
1011 3554 1072 3610 dat.
1091 3543 1189 3609 uictus
1211 3553 1369 3626 agentibus

225 3655 262 3711 ab
288 3654 348 3721 ab,
371 3672 401 3728 p.
420 3657 488 3713 127.

74 3857 173 3930 supini
196 3858 257 3913 duo
281 3857 420 3930 exempla
436 3856 575 3931 suspensi
595 3875 634 3913 ex
654 3858 747 3914 eundi
770 3858 875 3916 verbo:
904 3857 1025 3913 aserz'alo
1047 3863 1102 3914 eest
1123 3857 1168 3913 vel
1194 3863 1239 3912 clu
1263 3856 1369 3912 obser·
1422 3925 1424 3929 Ι

224 3965 327 4014 vatum
356 3957 410 4012 ibit
438 3958 484 4013 vel
511 3958 554 4013 ito
577 3966 609 4014 et
635 3959 720 4019 1138
754 3976 801 4014 res
829 3957 930 4015 divina
958 3944 1083 4015 baiolum
1111 3959 1150 4013 ise
1180 3966 1212 4014 ut
1235 3957 1370 4013 vitiatum

224 4058 292 4122 itur,
315 4058 363 4113 cui
395 4065 564 4115 structurae
598 4059 689 4116 aliam
713 4059 899 4115 suffecerunt
931 4076 991 4116 rec.
1016 4044 1152 4116 visit
1180 4059 1211 4115 in
1234 4059 1370 4114 divinum

224 4164 362 4214 vaselome
374 4157 447 4237 sust
466 4176 544 4233 quae
567 4161 613 4215 vel
635 4161 677 4216 sic
702 4159 842 4234 explicari
865 4168 970 4234 potest
991 4170 1025 4216 ut
1048 4160 1106 4216 feci
1129 4178 1156 4234 p.
1173 4162 1212 4218 82
1236 4159 1282 4214 vel
1308 4160 1370 4215 col·

173 4308 182 4323 ,
223 4261 337 4316 latione
359 4260 481 4317 talium:
505 4269 553 4316 est
575 4261 605 4317 in
627 4271 761 4318 mentem
785 4279 838 4335 pro
861 4261 953 4327 venit,
976 4261 1037 4320 ital.
1061 4262 1141 4317 virne
1156 4269 1251 4333 presa,
1274 4278 1369 4334 germ.

224 4362 260 4416 z'st
273 4378 308 4418 zu
325 4366 384 4419 tun.
419 4361 524 4435 utique
544 4360 675 4418 futurum
699 4364 742 4420 sic
765 4362 971 4436 significarunt
995 4363 1137 4421 ulteriore
1158 4361 1292 4419 ulterius
