3742 5364
708 356 765 412 131
1280 356 1377 415 ΙΙΑ16

72 532 178 596 siaru.
201 536 323 600 heriiei
335 532 424 600 faiiu
436 535 598 608 adfertur,
612 535 686 596 avis
696 530 701 614 l
713 559 737 595 n
751 555 836 594 arum
859 540 1032 599 cersiamm.
1066 541 1090 596 si
1106 541 1176 596 velit
1198 540 1299 597 facere
1322 541 1379 596 ad-

74 635 270 698 anzeriates
293 655 435 698 menzne
457 628 631 698 kurslasiu
652 632 701 694 fa·
754 639 856 706 sertor,
879 632 1183 716 avibnslobservatis
1201 656 1306 697 mense
1323 640 1378 697 cir·

73 732 127 796 sia
151 728 233 798 tiiit.
346 786 349 793 .
753 739 865 796 culario
889 739 981 807 faciat
1003 742 1104 800 decet.

117 835 250 900 Huntia
292 838 383 901 fertu
420 844 424 918 l
461 837 561 899 katlu
605 834 702 898 arvia
794 841 911 898 Hontia
935 843 1012 900 ferto
1027 836 1030 920 l
1045 843 1181 900 catulum
1198 842 1281 901 arvia
1297 852 1376 900 stru-

74 929 226 1000 struhsla
268 937 352 1000 fikla
386 959 478 1019 pune
510 937 591 999 vinu
627 936 702 998 salu
752 942 864 999 icnlam
886 942 1002 999 fitillam
1023 938 1149 1019 poscam
1165 944 1265 1001 vinum
1282 944 1378 1001 salem

74 1038 206 1101 maletu
216 1036 219 1119 l
229 1039 450 1101 mantrahklu
461 1038 585 1101 veskla
601 1046 701 1099 snata
751 1043 890 1100 molitum
901 1037 904 1120 l
915 1045 1047 1101 mantele
1060 1045 1184 1101 vascula
1196 1054 1319 1102 umecta
1333 1045 1377 1100 in-

74 1148 209 1211 asnata‚
232 1158 334 1199 umen
351 1137 452 1202 fertu.
471 1138 525 1220 pir
540 1159 599 1200 ase
616 1139 625 1210 Γ
641 1158 699 1199 an·
713 1159 738 1196 ro
752 1152 883 1212 umecta,
908 1162 1031 1218 unguen
1051 1145 1138 1204 ferto.
1161 1146 1265 1219 ignem
1280 1163 1354 1203 arae
1369 1142 1378 1213 Γ

75 1248 182 1303 tentu
221 1258 328 1302 esunu
349 1239 433 1320 puni
456 1238 550 1302 feitu.
752 1245 911 1318 imponito,
937 1263 1001 1302 rem
1019 1246 1152 1301 divinam
1168 1262 1261 1320 posca
1274 1245 1378 1306 facito.

118 1339 237 1403 Hunte
263 1339 360 1402 Iuvie
386 1349 551 1419 ampentu
580 1338 702 1420 katlul
793 1345 899 1402 Honto
923 1346 1009 1403 Iovio
1031 1347 1201 1420 impendito
1224 1339 1379 1423 catulnmi

75 1440 181 1503 sakre
213 1441 366 1503 sevakne
389 1439 619 1520 Petruniaper
641 1459 699 1502 na·
752 1446 885 1504 hostiam
900 1448 1078 1504 sollemnem
1094 1465 1148 1522 pro
1163 1445 1308 1503 Petronia
1322 1464 1378 1503 na·

74 1540 146 1603 tine
188 1539 298 1603 fratru
342 1541 504 1604 Atiiediu.
559 1561 667 1605 esunu
699 1539 702 1621 l
745 1548 836 1604 tione
870 1547 995 1605 fratrum
1018 1547 1182 1604 Atiedium.
1227 1539 1378 1623 sacrnml

74 1649 189 1722 pedae
212 1641 296 1705 futu.
342 1644 458 1705 katles
482 1663 570 1723 supa
584 1643 700 1715 hahtu,
752 1648 910 1722 pedarium
933 1657 1010 1706 esto.
1034 1649 1126 1705 catuli
1142 1664 1241 1721 suppa
1262 1649 1375 1723 capito,

75 1850 254 1924 plemmque
278 1867 347 1906 cnm
370 1848 515 1905 infinitivo
540 1848 742 1915 committunt,
774 1849 955 1904 vetustiores
984 1856 1088 1906 tamen
1111 1850 1204 1907 etiam
1227 1852 1373 1908 coniunc-

75 1951 172 2007 tivnm
195 1950 362 2007 adhibuere
384 1950 521 2006 similiter
543 1957 636 2023 atque
660 1947 777 2005 Vmbri:
809 1950 842 2005 in
865 1949 993 2005 Poenuli
1016 1950 1145 2025 prologo
1170 1971 1196 2010 v.
1221 1955 1258 2011 21
1274 1970 1297 2011 S.
1322 1954 1374 2008 diu

75 2054 132 2127 qui
152 2053 231 2109 domi
250 2053 337 2109 otiosi
355 2053 546 2118 dormierunt,
574 2053 650 2106 decet
671 2051 766 2106 antino
789 2069 880 2124 aequo
901 2070 979 2106 nunc
993 2057 1074 2119 slent,
1096 2054 1144 2109 vel
1167 2054 1297 2110 dormire
1312 2060 1377 2110 lem-

71 2160 184 2228 perent
232 2171 287 2228 pro
312 2153 455 2210 Petronia
477 2161 571 2226 gente
594 2152 721 2208 inferiae
748 2152 853 2208 nescio
877 2170 917 2210 an
940 2169 1009 2208 eam
1032 2154 1071 2209 ob
1094 2171 1222 2210 causam
1245 2155 1305 2210 deo
1328 2173 1375 2211 re-

76 2254 214 2311 serantur
237 2254 322 2328 quod
345 2253 499 2310 funeribus
522 2261 610 2328 rapta
634 2261 700 2309 tota
723 2261 890 2309 evanuerat
912 2271 930 2308 e
952 2271 1080 2311 numero
1104 2255 1268 2314 sociorum.

181 2357 219 2414 19
239 2360 326 2410 snala
350 2360 455 2409 ornata
478 2371 552 2411 vasa
567 2362 638 2409 sunt
653 2354 715 2409 uda
732 2354 824 2421 sicca,
846 2353 964 2427 inpleta
978 2356 1092 2432 liquore
1108 2357 1190 2412 velut
1206 2356 1275 2411 vino
1292 2356 1377 2430 quod

76 2457 173 2512 modo
196 2464 396 2514 memoratum
419 2463 466 2511 est
490 2463 521 2510 et
542 2473 606 2510 uon
629 2454 736 2522 tincta,
760 2453 899 2528 qualibus
922 2456 964 2511 ad
986 2457 1183 2530 peragendos
1206 2457 1280 2512 ritus
1296 2473 1375 2531 opus

77 2566 134 2615 est.
180 2557 304 2613 verbum
327 2557 460 2631 priscum
483 2556 610 2623 videtur,
634 2555 749 2612 nullum
773 2556 854 2611 enirn
876 2563 1037 2630 praeterea
1061 2560 1144 2631 apud
1161 2556 1293 2613 Vmbros
1317 2556 1376 2614 Os·

77 2675 132 2714 cos
156 2658 283 2714 Latinos
301 2657 470 2713 invenimus
488 2657 574 2714 cuius
597 2657 746 2732 principio
769 2676 783 2712 s
805 2666 877 2713 ante
900 2675 919 2711 n
940 2659 1129 2729 remanserit,
1155 2659 1281 2714 ductum
1292 2660 1376 2715 unde

76 2759 162 2833 νᾶμα
185 2755 285 2833 ναρός
306 2776 379 2815 nare
401 2767 508 2816 natare
532 2759 712 2816 nassiterna.
757 2775 838 2832 pago
868 2757 952 2814 haud
985 2759 1089 2832 procul
1123 2760 1287 2818 aVerona
1315 2761 1374 2817 sito

76 2880 191 2919 nomen
215 2869 280 2919 erat
299 2861 510 2927 ArusnatibnS,
534 2860 575 2916 ibi
598 2878 650 2916 ara
674 2860 777 2915 dicata
801 2868 848 2915 est
864 2857 1011 2932 Nymphis
1036 2859 1122 2915 simul
1139 2868 1171 2916 et
1186 2860 1277 2933 genio
1300 2861 1373 2934 pagi

75 2963 283 3030 Arusnatium,
307 2961 348 3016 ibi
364 2977 501 3016 summae
520 2960 678 3033 dignitatis
699 2960 845 3016 sacerdos
859 2959 1059 3014 niarrz'snavz'us
1075 2959 1131 3016 fult
1147 2955 1236 3033 (CIL.
1251 2959 1279 3014 V
1293 2963 1372 3019 3931

67 3065 178 3139 flamen
204 3063 281 3119 vovit
300 3061 502 3118 nzenzinauius
517 3061 631 3134 posuz'l,
670 3062 752 3118 3932
779 3060 865 3134 flam.
889 3061 1112 3116 mannzlnavius
1135 3058 1240 3135 dedz'l):
1269 3062 1376 3118 mallu-

76 3167 184 3221 viaene
210 3181 325 3230 sacrae,
350 3157 494 3235 χέρνιβες
516 3159 604 3216 huius
628 3161 759 3217 nominis
784 3156 898 3217 causa?

177 3268 215 3323 22
239 3265 419 3336 designatur
440 3262 551 3318 modus
575 3278 634 3334 quo
657 3261 790 3318 hostiam
814 3262 902 3317 caedi
919 3271 950 3318 et
969 3263 1068 3319 scindi
1089 3271 1240 3337 oporteat,
1265 3271 1373 3338 utpote

77 3384 126 3423 res
148 3383 210 3421 non
234 3365 307 3421 levis
330 3365 387 3421 rite
411 3363 625 3421 sacrificatum.
671 3363 766 3418 boves
789 3371 978 3420 mactaturus
994 3363 1162 3421 Mercurius
1183 3359 1373 3439 ἀμφοτέρας

76 3464 128 3526 έπὶ
150 3465 238 3527 νῶτα
261 3461 358 3539 χαμαὶ
381 3460 479 3540 βάλεν
502 3465 532 3520 in
554 3464 665 3538 hymno
689 3463 854 3520 Homerico
878 3482 904 3521 ν.
923 3467 992 3522 118.
1037 3465 1173 3538 Myconii
1196 3482 1264 3521 cum
1285 3467 1372 3522 tabu·

77 3570 126 3625 lae
149 3567 349 3624 inscriberent
372 3583 452 3638 quae
475 3559 566 3625 ἔδοξε
590 3560 678 3624 θύειν
700 3561 782 3639 πρὸς
804 3565 873 3639 τοῖς
895 3561 1055 3639 πρότερον
1078 3562 1130 3624 καὶ
1153 3562 1373 3641 ἐπηνωρθώθη

76 3667 235 3744 περὶτῶν
257 3664 436 3741 προτέρων,
466 3685 554 3723 versu
577 3669 594 3725 6
619 3667 764 3741 Neptuno
794 3668 921 3723 arietem
944 3667 1079 3740 opimum
1102 3666 1204 3722 album
1227 3667 1374 3724 immolari

77 3771 198 3826 voluere
222 3771 265 3825 sic
288 3765 306 3829 ὁ
329 3765 418 3843 κριὸς
443 3763 488 3842 εἰς
510 3764 604 3827 πόλιν
620 3764 677 3827 οὐκ
694 3763 865 3842 εἰςάγεται·
888 3767 996 3838 νῶτογ
1017 3763 1069 3825 καὶ
1091 3762 1194 3840 πλάτη
1211 3763 1374 3827 κόπτεται·

76 3866 95 3942 ἡ
118 3865 222 3942 πλάτη
246 3866 426 3942 σπένδεται,
463 3888 489 3927 v.
509 3871 549 3927 30
572 3870 704 3942 Apollini
727 3880 845 3926 taurum
870 3877 901 3924 et
924 3869 1034 3924 decem
1057 3885 1166 3940 agnos
1189 3867 1294 3928 νῶτον
1317 3869 1375 3928 τοῦ

76 3965 197 4042 ταύρου
220 3965 371 4029 κόπτεται
394 3968 478 4035 (vide
495 3971 614 4027 titulum
630 3971 746 4026 editum
762 3988 780 4025 a
793 3969 974 4027 Cumanude
987 3969 1019 4024 in
1031 3967 1193 4024 Athenaeo
1209 3968 1238 4024 II
1250 3988 1279 4044 p.
1290 3968 1372 4045 237).

77 4088 180 4126 verum
206 4088 318 4143 graeca
340 4079 372 4127 et
393 4090 491 4145 pauca
518 4071 654 4145 proferre
672 4072 745 4144 quid
769 4072 897 4137 adtinet,
919 4070 971 4126 ubi
992 4070 1123 4144 populos
1142 4086 1241 4144 paene
1264 4086 1372 4127 omnes

77 4173 224 4230 antestari
248 4168 339 4228 licet?
363 4182 446 4228 certe
468 4173 553 4246 plura
576 4170 665 4228 huius
687 4173 808 4246 generis
833 4189 849 4226 e
873 4171 1012 4227 Levitico
1036 4171 1191 4243 sacrisque
1216 4169 1375 4226 Hebraeo·

77 4292 141 4329 rum
165 4273 244 4329 libris
268 4274 493 4346 deprompseris
516 4290 606 4346 quam
640 4291 679 4329 ex
712 4272 917 4329 monumentis
950 4271 1095 4328 Italorum
1128 4279 1160 4327 et
1184 4270 1372 4329 Graecorum

76 4374 231 4432 universis.
286 4373 335 4430 hic
359 4375 476 4430 catulus
500 4373 583 4430 humi
616 4384 728 4431 stratus
758 4374 895 4430 caeditur
916 4390 1041 4447 pronuS,
1072 4373 1200 4429 iacentis
1230 4381 1374 4430 tenentur

77 4474 237 4548 capiuntur
258 4457 447 4548 reponuntur
471 4475 595 4548 supina,
619 4475 693 4530 item
715 4471 845 4548 susufias
867 4475 997 4550 supinae
1019 4481 1163 4530 tenentur
1185 4482 1217 4531 et
1239 4475 1280 4530 ad
1300 4474 1375 4532 liba-

77 4577 193 4632 tionem
216 4583 384 4631 extremam
407 4593 433 4633 ν.
449 4579 487 4634 41
513 4584 712 4646 reservantur,
736 4575 793 4630 nisi
810 4592 859 4630 me
880 4575 953 4632 fallit
968 4575 1085 4650 opinio,
1107 4575 1271 4650 pinguiora
1286 4593 1377 4647 quae·

78 4680 150 4734 dam
173 4677 309 4734 membra
334 4677 380 4734 vel
404 4677 569 4751 glandulae
604 4676 723 4750 corpori
760 4675 981 4745 adhaerentes,
1004 4684 1037 4732 ut
1066 4676 1150 4741 armi,
1182 4687 1224 4735 nt
1252 4673 1381 4730 testiculi
