3742 5364
231 338 345 399 Vtrae
862 343 901 402 56

233 539 295 585 ose
327 521 443 602 persei
474 540 554 584 ocre
576 521 669 585 Fisie
701 521 756 603 pir
778 531 856 585 orto
907 528 1117 604 quiquomque
1137 528 1167 586 in
1190 547 1260 588 arce
1276 531 1359 591 Fisia
1381 532 1460 608 ignis
1483 549 1535 589 or-

233 633 296 697 est,
323 633 455 686 toteme
477 623 599 686 Iovine
621 642 756 686 arsrnor
779 625 854 686 der·
906 636 955 685 tus
982 637 1039 697 est,
1073 630 1104 685 in
1125 630 1201 687 urbe
1223 630 1350 706 Iguvina
1376 634 1451 690 ritus
1475 635 1535 691 de·

233 743 332 793 secor
351 727 355 799 Ι
376 726 521 786 subator
543 732 629 798 sent,
652 723 752 805 pusei
774 722 855 804 neip
869 729 961 788 orbiti
981 727 985 804 Ι
1004 730 1108 787 omissi
1142 742 1222 800 sunt,
1259 751 1315 808 pro
1348 734 1441 791 nihilo
1475 736 1535 792 du·

233 934 314 973 anno
337 933 374 971 ex
399 915 552 972 adiectivo
575 915 712 972 conclusi
736 915 835 971 usacz‘o
870 909 971 989 (usare
992 916 1143 991 sibiloque
1176 921 1286 977 extrito
1319 921 1411 993 usar'e)
1444 923 1536 997 quod

232 1018 288 1074 sub
311 1015 402 1072 finem
424 1015 593 1073 tabularum
625 1014 674 1071 ΙΒ
698 1023 730 1072 et
751 1014 821 1072 ΙΙΑ
855 1024 1040 1089 quaesturae
1064 1018 1225 1092 epitheton
1257 1039 1388 1079 necesse
1411 1030 1460 1079 est
1483 1040 1533 1079 re·

232 1119 301 1175 ferri
323 1119 366 1175 ad
387 1110 532 1191 temporis
566 1116 729 1185 rationem,
760 1116 869 1190 alege
893 1117 975 1174 enim
1008 1119 1121 1192 scripta
1152 1121 1183 1176 in
1212 1130 1395 1196 perpetuum
1417 1123 1532 1181 distin·

232 1222 312 1295 gitur
334 1219 530 1293 magistratus
554 1218 605 1292 qui
625 1226 673 1279 est
694 1226 726 1273 et
747 1217 812 1277 erit.
848 1218 878 1273 in
901 1219 1036 1291 carmine
1052 1219 1233 1279 Corfiniensi
1256 1242 1329 1279 usur
1344 1223 1534 1301 przitafala·

232 1323 316 1379 cirix
336 1322 414 1378 deos
438 1327 599 1377 veneratus
622 1327 764 1394 precatur
787 1328 820 1376 ut
842 1328 914 1377 eant
936 1339 990 1376 uus
997 1322 1143 1394 pritrome
1164 1324 1301 1398 propitii,
1325 1326 1379 1381 det
1400 1343 1457 1380 uus
1471 1325 1538 1381 deli

231 1423 356 1480 honusta
379 1420 500 1488 Venus,
523 1422 608 1495 quod
629 1420 702 1478 mihi
724 1421 821 1478 visum
843 1429 891 1477 est
912 1420 1047 1496 intellegi
1074 1441 1168 1498 posse
1190 1425 1385 1499 magistratus
1408 1434 1534 1500 tempus

232 1519 323 1602 (mus,
347 1524 448 1582 Rhen.
470 1521 603 1579 XXXIII
624 1540 653 1596 p.
673 1519 755 1597 279).
799 1523 840 1579 de
862 1530 963 1598 etymo
986 1523 1177 1582 conferenda
1196 1527 1306 1602 opinor
1329 1527 1388 1583 usil
1407 1535 1534 1585 tuscum

231 1634 264 1683 et
287 1625 421 1682 Aurelios
443 1641 595 1691 auroram,
618 1625 659 1680 de
683 1623 854 1697 significatu
877 1619 1068 1700 λυκάβαντα,
1093 1628 1134 1683 de
1148 1635 1278 1702 utroque
1292 1628 1398 1684 horna.
1431 1629 1539 1701 persei

231 1727 325 1784 etiam
347 1726 372 1783 si
394 1743 463 1783 cum
488 1726 543 1798 pir
565 1733 773 1782 constructum
795 1732 852 1792 est,
888 1726 981 1782 nihilo
1003 1727 1103 1785 minus
1126 1729 1153 1784 vi
1176 1747 1230 1786 sua
1252 1728 1421 1786 membrum
1451 1729 1534 1804 regit

231 1835 409 1902 utrumque,
446 1827 632 1900 omninoque
654 1825 775 1900 linguae
799 1834 918 1883 veteres
939 1826 971 1882 in
993 1827 1079 1885 huius
1102 1829 1187 1885 modi
1209 1830 1456 1888 adiunctiouibus
1476 1848 1534 1904 ge·

230 1930 346 1986 minare
362 1945 533 2002 pronomen
549 1927 718 1987 fastidiunt.
756 1928 961 1986 caerimoniae
977 1937 1010 1986 et
1024 1930 1097 1987 ritus
1114 1932 1371 2006 cognominantur
1387 1933 1533 2002 dedecor,

232 2031 360 2087 forsitan
382 2048 401 2087 a
423 2031 502 2086 ders·
524 2029 618 2086 verbo
641 2029 729 2104 quasi
752 2030 849 2095 datr'cz‘,
873 2048 950 2104 quos
972 2031 1041 2105 quis
1057 2032 1132 2089 dare
1148 2032 1278 2089 damnas
1300 2040 1357 2098 est,
1380 2033 1477 2090 debiti
1493 2052 1535 2091 ac

231 2131 310 2204 iusti,
333 2130 470 2187 similiter
494 2131 636 2187 dationem
668 2129 771 2187 infima
792 2130 927 2188 latinitas
950 2140 982 2187 et
1004 2133 1088 2188 da‘zio
1111 2134 1179 2189 doce
1201 2150 1400 2191 romanenses
1423 2135 1535 2208 populi

231 2233 377 2290 tributum
400 2250 437 2290 ac
459 2233 589 2305 vectigal
611 2240 766 2298 vocarunt,
790 2231 828 2290 cs.
852 2240 956 2289 tamen
979 2234 1083 2289 dersva
1105 2250 1134 2307 p.
1151 2236 1201 2295 43.

332 2336 370 2393 27
392 2333 514 2390 subator
537 2333 640 2390 omissi
659 2333 807 2391 destituti.
851 2334 1046 2408 imperativus
1068 2333 1169 2391 subotu
1185 2336 1263 2393 infra
1285 2335 1364 2395 1325
1387 2335 1535 2409 capidem

230 2443 330 2492 terrae
352 2435 510 2491 admotam
532 2435 617 2491 iubet
639 2434 754 2508 deponi
778 2441 861 2490 vetat
884 2433 963 2502 tolli,
996 2452 1054 2493 nec
1077 2435 1197 2491 differre
1230 2434 1303 2492 mihi
1329 2437 1450 2493 videtur
1471 2437 1535 2494 nisi

231 2535 383 2592 scribendi
407 2536 502 2592 modo
523 2534 648 2591 subahlu
670 2535 702 2590 in
724 2535 791 2609 lege
810 2535 982 2609 antiquiore
1005 2535 1135 2595 11A42.
1178 2537 1303 2592 verbum
1330 2545 1452 2611 praeter
1475 2537 1531 2594 sub

230 2637 342 2694 nullum
364 2652 514 2710 agnosco:
538 2635 649 2693 Accius
672 2629 840 2709 ‘perturbas
863 2653 927 2692 rem
947 2655 984 2693 ac
1006 2629 1174 2711 resupinas'
1197 2653 1251 2710 pro
1273 2637 1429 2710 pervertis.

323 2737 410 2810 purei
428 2737 493 2809 neip
514 2736 616 2795 irritu.
640 2736 758 2810 plenior
782 2737 911 2794 formula
933 2737 1042 2812 legitur
1064 2738 1176 2794 IIA4:
1200 2737 1298 2794 tristia
1319 2745 1442 2795 ostenta
1455 2735 1531 2813 fetu

223 2839 505 2912 prorumperem,
543 2837 576 2894 id
597 2846 646 2894 est
668 2836 761 2894 facito
790 2839 878 2912 qnasi
912 2857 974 2895 non
1008 2846 1137 2912 accepta
1160 2838 1348 2907 consultave,
1382 2847 1414 2895 ut
1448 2856 1532 2913 quae

229 2939 379 2996 nollemus
402 2940 502 3007 sacta,
532 2940 621 2996 inrita
643 2940 746 3000 facito,
791 2941 923 2998 coniciat
956 2941 1047 3015 igitur
1080 2940 1187 3014 aliquis
1211 2939 1371 2998 formulam
1394 2957 1432 2995 ex
1456 2957 1532 2997 con·

230 3041 393 3098 suetudine
415 3041 447 3098 in
469 3059 540 3099 eam
562 3042 742 3099 brevitatem
766 3044 924 3100 redactam
946 3059 1015 3099 esse
1031 3059 1165 3117 eumque
1183 3040 1315 3114 rigorem
1330 3050 1362 3098 ut
1385 3048 1416 3097 et
1438 3041 1532 3098 omit·

230 3149 330 3198 terent
353 3140 424 3219 fetu
453 3149 485 3198 et
514 3142 545 3198 in
566 3141 663 3199 herz'tu
696 3142 863 3199 retinerent
888 3142 1134 3199 terminationem
1156 3141 1187 3197 in
1220 3143 1329 3200 ceteris
1352 3142 1530 3200 nominibus

229 3243 467 3311 abolescentem,
491 3242 550 3300 hoc
573 3243 642 3299 loco
665 3261 719 3317 per
739 3242 936 3317 parenthesin
955 3260 1035 3317 quae
1056 3244 1151 3300 modo
1174 3252 1345 3301 memorata
1369 3252 1440 3301 sunt
1461 3245 1532 3318 pia·

230 3344 296 3401 cula
319 3344 457 3402 excusari
481 3344 568 3417 quari
589 3344 689 3412 thoria,
721 3344 897 3400 continuam
920 3344 1090 3401 orationem
1113 3361 1183 3401 esse
1206 3362 1224 3400 a
1248 3361 1336 3401 versu
1358 3345 1397 3404 26
1420 3344 1461 3400 ad
1486 3348 1529 3405 29

229 3462 284 3519 per
305 3463 400 3502 unum
423 3445 571 3501 ambitum
594 3463 673 3519 quae
696 3447 841 3502 decurrat
864 3463 933 3503 cum
956 3445 1090 3519 tripudio
1122 3446 1202 3510 diae,
1236 3446 1317 3518 quod
1339 3446 1370 3501 z'n
1398 3463 1466 3529 arce
1498 3447 1531 3503 in

229 3546 300 3604 urbe
321 3547 494 3603 commzirum
516 3552 556 3603 est
576 3544 656 3604 nobis
679 3546 784 3611 r'rtvr'tzi',
816 3547 889 3610 diae,
924 3546 1005 3618 quod
1033 3551 1099 3601 tuae
1132 3545 1284 3619 religionis
1304 3552 1452 3618 peccatum
1476 3553 1529 3616 esl,

230 3649 301 3717 debe,
327 3650 407 3722 quod
424 3650 492 3705 satri
508 3647 575 3722 fiai,
596 3638 648 3705 boc
670 3646 744 3706 bove.
783 3647 909 3705 namin
931 3646 1086 3721 proxumis
1110 3646 1177 3704 luce
1200 3647 1309 3704 clarius
1332 3655 1380 3706 est
1403 3656 1434 3704 et
1453 3665 1529 3723 pro·

229 3750 309 3808 tasin
331 3749 422 3824 incipi
445 3750 484 3808 ab
510 3749 706 3807 invocatione
730 3748 864 3806 Grabovi
887 3755 919 3804 et
941 3748 1104 3822 apodosin.
1149 3749 1204 3804 sed
1227 3748 1330 3822 opinio
1353 3749 1404 3805 illa
1420 3766 1531 3823 quam·

229 3852 273 3908 vis
296 3852 439 3919 arrideat,
462 3851 673 3924 gravissimum
696 3858 800 3908 tamen
816 3850 939 3906 obstare
960 3857 1035 3923 puto
1049 3858 1263 3922 argumentum
1274 3849 1528 3932 grammaticum:
1550 3905 1560 3919 „

229 3970 301 4009 nam
323 3970 392 4009 cum
414 3952 445 4008 in
467 3952 563 4026 prima
585 3961 616 4010 et
638 3952 742 4010 media
764 3952 880 4025 syllaba
903 3952 1079 4024 discrepent
1100 3956 1177 4006 eretu
1196 3958 1228 4006 et
1241 3949 1345 4019 berz'tu,
1369 3969 1441 4008 num
1458 3953 1529 4026 quis

228 4053 260 4109 in
282 4053 386 4109 ultima
408 4059 527 4109 tantum
557 4053 687 4110 valuisse
719 4052 878 4109 formulam
912 4053 1019 4109 credet
1048 4060 1081 4108 ut
1103 4059 1240 4108 maneret
1273 4053 1386 4110 vocalis
1419 4063 1530 4112 contra

229 4150 421 4227 analogiam?
454 4162 572 4211 veteres
593 4154 675 4210 enim
697 4152 802 4210 Vmbri
826 4152 923 4208 neskla
946 4161 977 4209 et
998 4151 1096 4208 vesklu
1131 4153 1195 4208 sine
1220 4152 1395 4210 discrimine
1419 4163 1529 4213 neutra

229 4255 353 4322 faciunt,
377 4263 408 4312 at
430 4251 628 4323 recentiores,
652 4255 760 4330 quibus
783 4262 814 4311 et
836 4254 951 4311 litteras
975 4271 1046 4310 suas
1070 4253 1244 4310 Latiumet
1268 4255 1398 4328 aliquam
1424 4254 1528 4328 legem

229 4358 480 4432 adpropinquans
507 4358 668 4415 latinarum
691 4356 857 4413 litterarum
879 4356 1039 4412 maturitas
1054 4355 1209 4428 imposuit,
1232 4364 1409 4413 constanter
1424 4358 1529 4426 nescio,

227 4475 288 4515 uno
311 4466 441 4533 excepto
460 4460 546 4515 salva
567 4459 653 4533 quod
675 4457 717 4513 ad
741 4456 918 4513 femininum
939 4473 1037 4530 genus
1061 4473 1120 4530 ego
1143 4455 1255 4512 referre
1277 4474 1448 4532 gravor-
1471 4460 1528 4515 ab·

229 4557 336 4615 lativus
359 4568 463 4617 autem
485 4560 516 4616 111
540 4579 558 4615 u
581 4558 729 4616 desinens
752 4559 864 4632 pariter
894 4557 988 4616 semel
1022 4565 1073 4612 aut
1106 4557 1153 4612 bis
1184 4559 1335 4632 recepito
1370 4587 1407 4598 -
1442 4569 1529 4617 certe

229 4676 393 4735 numquam
416 4662 519 4718 oerclu.
567 4678 658 4736 quam
678 4661 719 4717 ob
743 4677 883 4733 causam,
906 4678 975 4718 cum
1008 4675 1047 4713 ne
1082 4658 1226 4732 singulari
1253 4659 1377 4732 quidem
1400 4677 1529 4718 numero
