3742 5364
231 328 329 398 anss'
861 336 900 395 34

230 540 298 602 ape
321 518 455 600 purtitu
473 517 477 599 Ι
498 517 579 592 fust,
607 517 772 580 muneklu
794 518 854 579 ha·
907 531 1080 596 porrectum
1102 514 1106 598 Ι
1126 522 1184 579 erit
1230 517 1450 578 munusculum
1477 518 1533 577 ha·

230 621 289 683 bia
299 640 420 683 numer
431 620 563 699 tuplerl
572 619 664 698 pusti
674 619 854 691 kastruvu‚
868 634 894 671 20
908 624 981 680 beat
1014 624 1143 680 nummis
1180 623 1259 680 binis
1296 619 1305 692 l
1338 624 1371 681 in
1409 621 1533 689 fundos,

230 828 306 884 homo
329 833 370 882 est
401 828 537 900 inpensus
561 822 710 880 hamma?
742 824 820 882 conl.
845 825 905 883 257
930 841 954 881 s,
980 832 1011 879 et
1035 819 1116 901 315).
1160 824 1191 880 in
1215 824 1392 881 Tertulliani
1425 824 1535 899 apolo-

230 929 333 1002 getico
368 946 435 1002 cap.
461 929 499 984 10
522 924 761 984 Christianorum
784 925 951 981 adversarii
975 926 1036 980 deos
1070 925 1209 999 inquiunt
1236 943 1293 980 non
1317 926 1414 981 colitis
1436 931 1462 980 et
1475 916 1535 998 p'ro

231 1028 453 1103 zlnperaloribus
483 1025 629 1100 sacrificia
662 1045 719 1082 non
752 1026 925 1099 tinpendilzs.
969 1026 999 1081 in
1033 1034 1136 1082 satura
1168 1024 1303 1082 Petronii
1328 1029 1386 1085 136
1416 1034 1448 1083 el
1472 1029 1533 1086 137

233 1132 379 1189 sacerdos
395 1130 501 1186 mulier
517 1129 558 1185 ad
579 1127 749 1202 petendum
765 1127 866 1200 ignem
882 1127 974 1182 currit
994 1127 1025 1182 in
1040 1126 1181 1182 viciniam
1204 1127 1344 1201 reditque
1359 1145 1427 1184 cum
1451 1136 1534 1184 testo

232 1232 310 1305 ignis
331 1232 433 1306 plen0‚
456 1230 640 1304 supervenit
657 1246 731 1285 anus
758 1229 890 1285 adiutrix
902 1247 963 1284 cum
987 1230 1115 1301 impensa
1129 1227 1279 1302 sacraficiz'.
1316 1230 1392 1286 ludit
1408 1230 1439 1285 in
1457 1231 1536 1286 turis

231 1334 352 1406 zirpensa
376 1331 496 1390 Curtius
509 1330 585 1386 VIII
607 1332 636 1397 5,
664 1332 711 1390 10.
756 1331 838 1404 apud
854 1329 985 1386 Vmbros
1008 1329 1035 1385 ll
1059 1330 1141 1387 A20
1164 1337 1328 1404 postquam
1353 1339 1535 1404 apparatum

232 1433 411 1490 sacrificium
424 1434 564 1508 ignisque
577 1450 649 1489 arae
671 1433 830 1506 impositus
849 1441 906 1500 est,
930 1434 1011 1489 deae
1027 1433 1212 1506 impenditur
1228 1433 1345 1489 catulus
1368 1451 1423 1507 pro
1439 1442 1535 1507 gente

233 1533 375 1590 Petronia
398 1535 572 1609 priusquam
590 1535 738 1592 caeditur.
770 1533 866 1591 11123
889 1534 941 1589 ubi
956 1551 1028 1589 arae
1044 1534 1122 1607 ignis
1134 1534 1247 1590 inlatus
1260 1544 1317 1602 est,
1341 1551 1461 1590 sacrum
1477 1552 1535 1608 op-

235 1644 324 1703 tatur,
349 1636 413 1703 Iovi
436 1635 566 1710 primum
587 1635 776 1709 impenditur
788 1636 981 1691 dextrorsum
1003 1637 1045 1691 ad
1067 1652 1151 1693 aram
1170 1654 1225 1710 pro
1240 1634 1380 1693 fratribus
1394 1645 1426 1691 et
1447 1637 1534 1702 urbe,

233 1754 357 1809 carmen
371 1737 519 1793 sollemne
532 1737 651 1803 dicitur,
675 1745 737 1793 tum
753 1737 818 1792 ovis
830 1753 889 1810 qua
904 1737 954 1793 illo
968 1737 1018 1793 die
1034 1736 1209 1793 faciendum
1223 1746 1279 1803 est,
1299 1738 1382 1794 cuius
1395 1736 1535 1795 sacrificii

232 1855 325 1894 causa
348 1848 450 1894 cetera
472 1839 576 1894 omnia
599 1839 738 1894 instituta
761 1847 841 1905 sunt,
865 1847 989 1913 optatur
1012 1847 1043 1894 et
1057 1836 1216 1895 Poemono
1236 1839 1423 1912 impenditur
1446 1839 1535 1894 dedi·

233 1948 381 2013 caturque
397 1940 578 1996 carminibus
596 1938 793 1996 sollemnibus
817 1939 1026 2013 pro'fratribus
1043 1949 1074 1996 et
1095 1940 1179 2006 urbe,
1206 1940 1339 2014 denique
1354 1919 1447 1997 caesa
1463 1958 1536 2014 pro·

232 2049 362 2099 secatur.
405 2041 475 2097 hinc
499 2042 665 2115 perspicies
691 2058 753 2096 non
777 2040 952 2096 animalium
974 2049 1093 2097 tantum
1115 2040 1356 2096 immolationem
1379 2058 1417 2097 eo
1439 2041 1535 2097 verbo

233 2142 388 2215 designari
410 2143 467 2198 sed
488 2144 616 2216 primam
631 2159 782 2215 quamque
805 2143 847 2196 rei
865 2143 987 2198 divinae
1007 2142 1204 2199 oblationem.
1249 2143 1353 2215 itaque
1375 2143 1406 2198 in
1429 2142 1535 2199 tabula

234 2242 298 2299 llB
322 2260 384 2299 non
405 2245 503 2299 solum
526 2261 620 2317 caper
641 2243 827 2316 impenditur
849 2244 1008 2316 conceptis
1021 2243 1130 2310 verbis,
1154 2252 1185 2298 et
1208 2243 1232 2297 is
1245 2244 1370 2316 quidem
1386 2242 1446 2299 alio
1464 2243 1534 2298 loco

233 2345 419 2418 impenditur
434 2345 493 2401 alio
514 2345 681 2418 porricitur,
706 2345 761 2399 sed
774 2352 866 2400 antea
878 2362 966 2400 versu
980 2346 1019 2401 10
1032 2350 1149 2417 vapida,
1172 2355 1231 2417 quo
1248 2346 1371 2401 nomine
1384 2346 1535 2419 quidquid

233 2446 365 2503 Vmbros
386 2446 560 2520 appellasse
577 2446 743 2511 existimas
767 2454 849 2500 certe
873 2444 1006 2501 nonfuit
1028 2445 1204 2511 animatum,
1229 2463 1266 2501 ac
1279 2445 1391 2502 flamen
1415 2447 1535 2503 iubetur

233 2557 264 2604 et
286 2548 494 2604 immolaturus
509 2564 634 2620 caprum
657 2555 688 2603 et
710 2555 902 2621 porrecturus
916 2546 1026 2602 Sancio
1048 2546 1110 2601 Iovi
1133 2555 1290 2621 tamquam
1314 2558 1380 2605 ture
1399 2547 1535 2622 praefari

233 2649 328 2705 modo
351 2649 395 2705 sic
416 2655 525 2722 vapula
549 2667 594 2703 am
615 2654 659 2704 elu
682 2650 776 2704 modo
799 2648 842 2704 sic
866 2655 973 2721 vapztlu
989 2649 1183 2721 prepesm'mu.
1229 2649 1280 2704 ubi
1304 2638 1378 2704 vino'
1396 2649 1535 2723 frugibus

234 2749 301 2805 libis
325 2767 372 2806 res
396 2750 499 2806 divina
525 2749 566 2824 lit,
600 2749 659 2805 bae
685 2750 825 2823 impensa
850 2748 921 2805 nibil
944 2749 1072 2822 amplius
1104 2751 1265 2806 memorari
1289 2759 1535 2806 consentaneum

233 2860 292 2918 est,
315 2852 443 2925 eiusque
469 2851 698 2925 supplicationis
721 2849 829 2906 finibus
855 2850 1029 2906 continetur
1052 2850 1137 2923 quod
1160 2850 1190 2905 in
1214 2851 1342 2908 decreto
1364 2852 1536 2908 invenimus

234 2952 289 3008 ubi
309 2953 486 3024 zinpenderz‘l,
509 2951 610 3008 hostia
633 2952 684 3008 ubi
708 2950 889 3025 immolatur,
913 2951 1050 3024 sequitur
1072 2959 1106 3006 ut
1128 2951 1309 3025 porriciatur
1331 2953 1459 3026 eiusque
1481 2970 1537 3026 ge-

233 3054 314 3110 neris
347 3052 501 3110 sacrificiis
525 3054 664 3110 seeundo
699 3053 768 3109 loco
800 3070 918 3109 merces
944 3052 1146 3110 constituitur.
1191 3053 1357 3110 coniuncta
1385 3052 1536 3110 habemus

233 3163 381 3228 ampenum
413 3162 444 3210 et
470 3161 632 3227 purtuvum
662 3155 693 3210 in
726 3154 787 3211 ima
818 3153 922 3210 tabula
944 3153 971 3209 Il
996 3153 1019 3208 B
1043 3162 1199 3228 tamquam
1233 3162 1320 3210 actus
1344 3155 1422 3210 duos
1445 3154 1536 3210 unius

233 3255 371 3314 sacrificii
392 3256 472 3311 inter
486 3273 562 3330 quos
586 3256 736 3329 temporis>
748 3255 937 3329 aliquantum
960 3256 1133 3325 intercedit,
1157 3263 1191 3311 ut
1203 3255 1323 3311 Romae
1345 3255 1426 3310 inter
1443 3271 1537 3310 caesa

233 3366 264 3413 et
285 3365 436 3432 porrecta.
482 3357 620 3413 muneklu
645 3376 663 3413 a
685 3357 768 3412 muni
801 3365 835 3412 ut
857 3357 1027 3423 munificus,
1063 3355 1232 3412 Diomedes
1255 3373 1285 3429 p.
1311 3357 1424 3432 326‚2
1455 3355 1539 3410 inter

233 3459 490 3514 deminutivorum
506 3459 648 3534 exempla
671 3476 740 3515 cum
762 3457 848 3514 sonte
867 3458 1015 3515 fonticulo
1039 3466 1071 3514 et
1092 3475 1171 3513 nave
1194 3456 1335 3513 navicula
1355 3456 1457 3530 posuit
1474 3475 1536 3511 mu-

233 3579 288 3615 nus
309 3560 509 3616 munusculum
530 3561 591 3616 sive
613 3561 799 3618 munz'culum.

333 3678 421 3717 versu
439 3663 479 3719 20
500 3669 552 3734 ape
573 3660 664 3718 rubra
685 3659 774 3739 spasu
787 3660 860 3738 fust
880 3661 1003 3718 tertium
1026 3667 1075 3716 est
1097 3677 1134 3715 ac
1157 3659 1279 3715 duobus
1302 3658 1359 3714 illis
1375 3657 1554 3734 obscurius

233 3780 330 3837 genus
356 3760 502 3820 sacrificii.
544 3760 632 3839 ,φαίη
654 3761 820 3818 manifesto
844 3762 1037 3836 participium
1065 3761 1095 3815 in
1118 3776 1179 3834 quo
1193 3758 1225 3837 f
1238 3767 1273 3815 ut
1294 3759 1324 3814 in
1348 3759 1411 3815 aliis
1436 3759 1536 3816 verbis

233 3863 375 3920 umbricis
398 3879 462 3919 non
484 3863 591 3937 paucis
614 3864 728 3919 latinae
750 3881 764 3918 s
788 3864 967 3937 respondet,
998 3879 1067 3920 cum
1091 3862 1215 3918 obiecta
1237 3861 1335 3917 altera
1359 3879 1536 3918 consonans

181 3965 183 3968 ’
233 3963 353 4021 sibilum
376 3963 515 4020 videatur
539 3960 749 4038 exasperasse
795 3965 839 4020 sic
863 3963 963 4043 aprus
977 3964 1094 4032 Vmbri,
1129 3963 1231 4019 Latini
1255 3970 1344 4035 apros
1366 3979 1405 4016 ex
1429 3969 1538 4034 aprons

234 4075 344 4138 caprasi,
377 4065 421 4121 sic
443 4063 515 4142 tras
529 4069 577 4120 tra
600 4063 640 4120 illi
664 4075 696 4121 et
719 4064 810 4143 aedes
822 4084 907 4130 serre,
931 4065 961 4120 hi
983 4071 1067 4121 [rans
1089 4072 1121 4120 et
1142 4065 1250 4130 sedens,
1283 4063 1327 4118 sic
1354 4060 1497 4134 lrohvorfi
1518 4081 1536 4118 a

232 4172 360 4224 travorl-
382 4166 422 4222 illi
446 4165 571 4233 duxere,
607 4166 637 4221 hi
663 4165 777 4223 formas
801 4166 899 4223 nullas
924 4167 981 4222 nisi
1004 4183 1080 4240 quas
1105 4182 1159 4239 per
1180 4183 1194 4220 s
1215 4165 1367 4222 efferrent.
1413 4181 1450 4219 ae
1471 4181 1536 4218 me-

232 4267 357 4324 minisse
380 4274 503 4340 oportet
535 4266 594 4323 hoc
618 4267 712 4323 etiam
740 4268 772 4323 in
794 4267 885 4324 Latio
908 4267 1004 4324 simile
1027 4267 1165 4323 tenuisse
1179 4264 1212 4342 f
1226 4273 1257 4321 et
1276 4283 1290 4319 s
1312 4280 1373 4339 quo
1407 4264 1493 4336 ipsae
1517 4282 1535 4319 a

234 4367 343 4426 ceteris
367 4367 493 4423 vocibus
516 4368 658 4424 omnibus
682 4369 938 4442 discernerentur,
960 4376 994 4423 ut
1016 4367 1137 4425 nasales
1161 4365 1293 4440 syllabas
1315 4375 1445 4440 possent
1466 4382 1535 4438 pro-

234 4471 359 4536 ducere,
381 4486 452 4525 nam
474 4464 577 4544 ansula
600 4477 632 4525 et
654 4469 755 4524 z'nsula
778 4470 891 4543 primas
913 4468 1028 4524 habent
1052 4469 1171 4542 longaS,
1195 4467 1303 4523 breves
1318 4467 1407 4540 appar
1422 4467 1536 4539 aldeger

235 4570 359 4627 invidus.
403 4569 529 4626 verbum
550 4571 625 4626 illud
648 4588 710 4644 quo
733 4570 919 4644 significatur
947 4570 978 4625 in
1001 4574 1199 4626 transversum
1223 4575 1323 4624 utrum
1346 4568 1389 4624 ita
1412 4576 1445 4623 ut
1468 4567 1535 4622 uni-

234 4672 337 4728 versim
360 4686 400 4723 an
423 4678 456 4725 ut
477 4689 563 4726 rursu
586 4672 624 4728 sit
644 4671 767 4739 flexum,
802 4672 866 4728 eius
891 4670 1080 4745 quaestionis
1110 4670 1258 4726 indicium
1281 4668 1399 4735 differo,
1432 4668 1535 4724 eidem
