3742 5364
228 356 341 416 V11352
357 356 438 416 11315
857 354 897 412 94

229 537 449 600 acesoniame
481 535 485 617 l
516 534 680 598 hebetafe
716 536 852 603 benust‚
868 538 935 596 min
959 538 1153 611 Aquiloniam
1172 531 1176 614 l
1197 539 1238 595 ad
1271 538 1371 595 exitus
1402 539 1538 606 venerit,

230 657 331 700 enom
366 647 545 700 termnuco
569 635 745 697 stahituto
792 633 851 715 poi
906 647 970 695 tum
993 639 1034 694 ad
1059 639 1220 694 terminum
1244 647 1356 698 stanto.
1400 639 1453 713 qui
1476 638 1539 695 vir·

229 757 369 820 peream
394 736 559 798 arsmatia
580 736 728 808 habiest,
763 744 852 796 etur·
905 757 975 812 gam
1009 740 1234 813 imperatoriam
1267 739 1402 807 habebit,
1431 748 1539 797 exter·

231 841 377 902 stahmu.
402 858 463 900 eso
481 838 714 899 eturstahmu:
737 834 854 916 ‘pisest
904 840 1034 897 minato.
1073 841 1116 896 sic
1139 840 1366 897 exterminatos
1383 833 1538 914 ‘quisquis

229 1044 400 1100 nominibus
428 1060 506 1118 quae
535 1042 769 1099 includebantur
797 1060 835 1098 eo
861 1042 1087 1115 adibanturque
1116 1042 1306 1099 sacrificandi
1333 1059 1438 1102 causa.
1467 1042 1537 1099 Ro·

230 1161 337 1201 manos
361 1162 429 1201 cum
451 1144 558 1200 urbem
589 1144 750 1200 lustrarent
774 1143 909 1199 similiter
932 1151 1024 1219 atque
1047 1142 1188 1216 lguvinos
1211 1143 1410 1200 observantes
1435 1142 1538 1201 fuisse

230 1247 428 1303 terminorum
451 1263 488 1301 ex
511 1245 595 1301 tenui
620 1243 705 1299 Pauli
727 1244 829 1318 glossa
852 1243 1016 1317 perspicies
1041 1243 1238 1299 ambnrbiales
1263 1244 1373 1299 bostrae
1395 1244 1537 1317 appella·

230 1346 338 1401 bantur
361 1363 435 1418 quae
457 1346 562 1401 cr'rcnm
585 1345 720 1400 terminos
743 1343 823 1399 urbis
847 1342 955 1399 Romae
979 1343 1167 1402 ducebantur.

331 1447 370 1505 53
406 1447 437 1502 in
460 1454 562 1502 vetere
587 1445 754 1519 exemplari
778 1445 867 1500 deest
888 1442 1024 1521 hebetase.
1069 1445 1153 1517 quod
1176 1444 1301 1507 verbum
1326 1446 1410 1503 idem
1432 1454 1533 1522 atque

231 1544 357 1625 ebetrafe
380 1547 515 1604 V1A12
537 1563 606 1602 esse
629 1547 766 1613 arbitror,
801 1547 859 1601 etsi
883 1564 901 1600 r
924 1563 985 1620 qua
1007 1545 1126 1601 ratione
1159 1546 1308 1602 exciderit
1338 1564 1401 1603 non
1423 1548 1536 1605 video:

228 1646 287 1704 hoc
309 1648 436 1704 forsitan
458 1648 592 1721 peccarit
614 1647 762 1702 marculus
788 1646 895 1701 aerarii
928 1646 1079 1702 sollertior
1113 1646 1227 1722 alioqui
1252 1664 1344 1721 quam
1377 1648 1532 1723 ignavior.

230 1747 345 1804 dictum
361 1747 400 1803 ab
418 1746 565 1802 ebitendo
589 1746 703 1802 exitum
727 1745 830 1801 linium
849 1745 1020 1802 urbicorum
1042 1745 1201 1820 significat.
1240 1763 1330 1820 porro
1353 1765 1409 1822 pro
1431 1747 1540 1805 benus!

230 1849 261 1904 in
282 1866 353 1904 aere
376 1848 426 1904 illo
449 1847 594 1922 scriptum
617 1855 665 1903 est
687 1846 816 1903 futurum
840 1846 968 1920 simplex
997 1854 1077 1919 purte
1099 1864 1192 1902 menes
1216 1846 1297 1917 (cum
1321 1849 1449 1921 venies).
1495 1868 1538 1907 ac

234 1966 383 2025 perquam
406 1948 609 2005 memorabilis
631 1947 708 2005 haec
731 1956 779 2004 est
801 1965 827 2002 m
850 1955 881 2003 et
904 1947 920 2003 b
941 1947 1176 2004 consonantium
1199 1948 1395 2022 permutatio
1420 1950 1446 2007 si
1468 1951 1537 2024 qui·

232 2050 305 2107 dem
328 2049 403 2106 alias
425 2049 531 2109 Vmbri
554 2049 641 2105 benus
663 2046 804 2104 benureut
835 2049 1068 2122 pronuntiarunt
1103 2033 1319 2106 communiter
1338 2068 1408 2108 cum
1430 2049 1536 2120 OsciS,

233 2152 339 2208 adiuta
360 2151 410 2206 illa
433 2151 557 2226 quidem
579 2151 637 2206 nisi
660 2149 747 2206 fallor
768 2169 786 2204 n
811 2150 930 2206 litterae
947 2150 1113 2218 vicinitate,
1136 2168 1207 2206 nam
1223 2168 1294 2207 cum
1314 2152 1412 2208 levem
1435 2159 1534 2226 atque

236 2252 344 2309 exilem
366 2252 397 2308 in
421 2250 486 2308 ben·
510 2252 645 2309 vocalem
669 2269 743 2308 osca
766 2249 882 2307 eebnust
902 2251 998 2307 forma
1021 2252 1123 2324 prodit
1146 2260 1209 2308 tum
1228 2261 1302 2309 ante
1325 2270 1344 2307 n
1366 2251 1459 2308 moris
1482 2261 1537 2310 est

234 2361 269 2410 ut
290 2354 332 2409 ita
356 2361 551 2409 convertatur
583 2352 710 2425 labialis,
742 2369 804 2426 quo
827 2353 922 2409 modo
945 2353 1151 2426 anaugaaere't
1182 2352 1274 2410 homo
1298 2355 1339 2411 de
1361 2353 1452 2428 plebe
1474 2370 1536 2429 po·

232 2454 291 2512 suit
311 2454 341 2509 in
365 2453 454 2510 titulo
477 2451 632 2511 Orelliano
658 2456 738 2512 1175
772 2471 827 2528 pro
851 2452 1046 2526 abnegaverit
1071 2462 1104 2509 et
1136 2453 1319 2513 Sabinorum
1350 2453 1536 2529 progeniem

231 2573 322 2611 nemo
346 2571 408 2610 non
431 2554 582 2611 Samnites
605 2556 733 2613 vocavit.
779 2555 836 2611 sed
856 2555 950 2611 etiam
973 2555 1004 2609 in
1027 2555 1091 2610 aliis
1116 2554 1238 2629 syllabis
1273 2572 1336 2612 non
1372 2572 1534 2629 nunquam

235 2654 250 2711 b
273 2663 304 2711 et
319 2674 345 2710 m
368 2655 611 2712 commiscentur.
655 2656 722 2730 quis
739 2656 859 2728 ignorat
874 2672 986 2728 graeca
1003 2652 1128 2730 βέλλειν
1145 2651 1312 2731 βύρμακας
1328 2650 1536 2730 βαρνάμενον

233 2774 287 2831 pro
311 2752 437 2829 μέλλειν
458 2752 623 2830 μύρμηκας
646 2751 870 2830 μαρνάμενονΡ
915 2753 1104 2830 Metaponto
1131 2758 1162 2813 in
1185 2758 1309 2831 speculo
1344 2755 1422 2814 CIL.
1447 2756 1461 2813 Ι
1488 2759 1535 2816 60

233 2857 422 2932 compositus
447 2876 516 2914 cum
540 2858 653 2913 Arione
676 2876 755 2930 equo
780 2857 948 2914 clarissimo
972 2867 1004 2913 et
1025 2858 1194 2915 clarissimo
1218 2858 1412 2932 quadrigario
1434 2855 1536 2915 Oino-

232 2976 324 3016 mavo
347 2959 507 3014 evidenter
529 2958 711 3015 clarissimus
731 2975 825 3032 eques
848 2966 897 3014 est
920 2957 1171 3031 Bellerophontes,
1206 2959 1381 3033 promiscue
1402 2974 1536 3033 usurpa·

233 3060 342 3115 bantur
361 3058 466 3133 globus
487 3068 519 3115 et
539 3060 655 3133 glomus
677 3076 739 3115 non
756 3059 853 3115 solum
868 3059 907 3115 ab
928 3059 1060 3115 indoctis
1078 3055 1182 3132 (Probi
1204 3059 1360 3134 appendix
1382 3076 1412 3133 p.
1427 3059 1536 3132 198,8

230 3159 337 3234 globus
359 3178 414 3216 non
435 3160 565 3234 glomus)
596 3162 653 3216 sed
676 3161 768 3216 etiam
791 3179 809 3217 a
832 3159 1016 3217 doctissimis
1041 3159 1218 3224 inleriorum
1240 3168 1411 3233 temporum
1434 3157 1537 3216 homi·

232 3261 321 3317 nibus
346 3258 529 3332 (Priscianus
554 3262 622 3319 inst.
646 3261 716 3321 144
736 3280 765 3336 p.
784 3263 865 3331 348
888 3261 928 3319 H.
960 3261 1100 3336 exempla
1137 3259 1153 3317 b
1186 3269 1324 3320 mutatae
1357 3262 1388 3317 in
1416 3278 1443 3316 m
1467 3260 1536 3318 duo

233 3362 311 3420 haec
331 3363 419 3437 ponit
440 3364 577 3419 samareite
599 3371 630 3419 et
649 3361 755 3437 globus
774 3364 900 3436 glomus,
934 3363 1017 3418 idem
1053 3361 1136 3420 V43
1158 3381 1187 3437 p.
1211 3365 1281 3429 lto,
1308 3365 1323 3420 1
1360 3360 1479 3419 confusi
1515 3381 1537 3421 a

233 3462 442 3521 vetustissimis
475 3464 596 3537 generis
627 3464 727 3519 neutri
749 3471 781 3519 et
810 3463 967 3519 masculini
1000 3462 1076 3519 haec
1109 3468 1224 3537 guttur,
1256 3480 1398 3531 niurmur,
1427 3460 1539 3536 globus

234 3565 415 3638 quodetiam
437 3564 489 3620 boe
508 3567 621 3640 glomus
644 3567 753 3621 dz'er'lnr
772 3566 920 3639 glomeris,
945 3572 1093 3621 tractatus
1115 3565 1155 3620 de
1171 3564 1370 3622 idiomatibus
1384 3582 1538 3638 generum

233 3665 312 3721 inter
335 3682 372 3720 ea
395 3683 475 3740 quae
499 3668 581 3739 apud
605 3666 731 3724 Latinos
754 3667 934 3734 masculina,
956 3667 1039 3740 apud
1064 3665 1202 3723 Graecos
1226 3666 1372 3724 feminina
1394 3674 1466 3723 sunt
1487 3666 1537 3725 IV

233 3785 262 3841 p.
279 3767 350 3833 574,
363 3768 404 3824 44
417 3767 455 3823 K.
477 3766 585 3840 globus
605 3763 755 3840 τολύπη),
772 3767 919 3840 probosee's
942 3768 1016 3824 abiit
1038 3769 1067 3823 in
1083 3768 1278 3840 promosee'da,
1301 3768 1369 3827 alia.

332 3868 488 3924 exorditur
520 3868 644 3925 lustrale
667 3885 786 3925 sacrum
808 3868 946 3925 adsertor
979 3869 1022 3924 ita
1058 3876 1091 3923 ut
1116 3868 1197 3924 cives
1234 3876 1357 3941 separet
1386 3886 1404 3924 a
1433 3885 1529 3942 pere·

233 3968 325 4042 grinis
348 3969 529 4042 alienaeque
551 3971 652 4043 gentis
679 3970 704 4025 si
734 3971 800 4043 quis
825 3970 907 4026 adsit
929 3987 1000 4025 eum
1022 3969 1128 4025 iubeat
1151 3970 1244 4026 abire.
1287 3970 1419 4026 breviter
1441 3978 1535 4027 vetu-

233 4069 308 4125 stior
331 4068 436 4126 tabula
459 4088 520 4125 cum
544 4073 639 4126 venies
660 4072 690 4126 lu
705 4071 909 4145 Aquiloniam,
932 4077 1000 4127 tune
1022 4074 1181 4127 etuelstamu
1197 4072 1338 4128 ceorlatem
1361 4071 1537 4130 Tadt'natem

234 4187 298 4244 eqs.
323 4170 374 4225 ubi
397 4171 423 4225 si
445 4172 612 4227 exclamato
637 4172 682 4227 vel
706 4170 841 4246 esfanu'no
866 4173 1045 4239 substituas
1079 4190 1142 4228 non
1165 4157 1294 4229 sufficiat
1318 4174 1350 4230 id
1383 4159 1424 4228 ad
1458 4190 1537 4248 ape·

234 4272 372 4329 riendam
393 4273 452 4327 vim
474 4274 643 4347 praecepti,
666 4274 856 4330 declaratum
872 4275 964 4329 verbo
981 4274 1115 4347 oportuit
1138 4274 1274 4330 studium
1290 4272 1445 4329 alienandi
1460 4290 1537 4348 pro·

234 4371 359 4428 hibendi
382 4374 576 4432 excludendi.
614 4374 716 4431 Latini
731 4376 911 4449 peregrinos
929 4375 1051 4449 proprie
1068 4376 1173 4430 dicunt
1189 4375 1383 4431 exterminari
1405 4372 1537 4447 (Cicero

234 4475 275 4530 de
297 4475 345 4534 off.
362 4476 406 4532 ΙΙΙ
422 4472 487 4555 47),
512 4479 678 4534 umbrieum
701 4480 825 4535 verbum
847 4487 952 4554 potest
975 4479 1145 4543 derivatum
1168 4495 1238 4534 esse
1253 4496 1291 4534 ex
1307 4476 1431 4532 nomine
1446 4478 1537 4535 tuder

234 4576 284 4634 lat.
300 4576 382 4652 finis,
406 4580 464 4636 etsi
486 4581 517 4636 in
540 4581 670 4636 verbor
693 4590 764 4636 ante
785 4600 807 4647 s,
842 4582 873 4637 in
896 4581 1019 4637 nomine
1044 4581 1237 4635 drecentior
1272 4579 1374 4651 lingua
1394 4578 1536 4651 protulit,

235 4678 274 4738 cf.
297 4682 372 4736 meas
394 4699 475 4740 mers.
520 4699 620 4758 neque
644 4700 719 4756 opus
744 4685 800 4738 erit
823 4682 923 4739 redire
946 4683 988 4738 ad
1011 4681 1143 4737 tuditem
1166 4689 1197 4737 et
1220 4680 1388 4738 tuditautes
1411 4696 1538 4754 germa-
