3742 5364
235 338 332 401 11139
856 340 915 398 138

276 521 411 585 Asama
431 509 590 585 kuvertu.
634 520 745 582 asaku
773 518 854 581 vinu
947 524 997 580 Ad
1022 542 1106 581 aram
1135 521 1289 580 revertito.
1334 524 1423 600 apud
1451 542 1544 583 aram

234 623 378 687 sevakni
400 617 496 684 tasez
519 621 726 702 persnihmu.
747 622 757 694 l
779 618 859 683 esus
868 646 893 684 ιο
906 625 976 681 vino
1014 624 1154 681 sollemni
1179 624 1288 681 tacitus
1311 625 1504 701 supplicato.
1529 622 1541 696 l'

234 746 357 806 pusme
399 724 531 791 herter.
592 742 671 784 erus
713 721 857 784 kuveitu
907 726 973 800 ipse
996 743 1087 799 quem
1106 732 1243 798 oportet,
1275 743 1345 782 erus
1373 726 1542 802 congerite

232 832 339 889 tedtu.
373 825 455 887 vinu
476 843 568 905 pune
591 812 857 904 tedtulstruhs-
908 827 992 885 date.
1037 826 1139 883 vinum
1161 844 1288 901 poscam
1310 828 1396 886 dato,
1419 820 1424 902 l
1445 828 1540 886 strui·

233 931 285 992 les
307 927 409 990 fiklas
429 924 570 988 sufafias
592 925 757 988 kumaltu.
793 924 855 985 ka·
907 929 995 984 culae
1026 926 1128 985 fitillae
1167 927 1304 985 suffafiae
1344 931 1540 989 commolito.

233 1135 423 1212 purgandive
446 1135 577 1191 verbum.
623 1131 860 1206 quoniamsunt
894 1130 944 1204 qui
966 1129 1098 1185 Vmbros
1129 1129 1160 1186 in
1182 1129 1330 1204 principio
1351 1131 1437 1188 vocis
1459 1149 1502 1189 ex
1527 1133 1544 1189 l

234 1238 417 1314 produxisse
438 1253 456 1292 u
478 1244 510 1292 et
532 1233 667 1308 vapedes
691 1250 728 1288 ex
752 1232 918 1307 lapidibuS‚
942 1248 1052 1288 vocum
1081 1248 1119 1286 ex
1155 1232 1222 1288 luco
1253 1230 1365 1289 fecisse
1398 1240 1539 1302 sumant,

233 1341 327 1398 etiam
349 1339 408 1395 hoc
431 1336 581 1394 vocabulo
605 1351 712 1391 usuros
735 1351 790 1390 eos
813 1334 990 1408 praesentio
1022 1334 1063 1389 ad
1090 1351 1178 1390 suam
1199 1333 1445 1393 confirmandam
1465 1337 1540 1410 opi·

233 1443 357 1499 uionem
380 1447 412 1495 et
435 1444 505 1494 nutu
527 1446 759 1511 comparaturos
776 1453 845 1492 cnm
868 1436 941 1491 lm'lo
964 1435 1062 1493 lenito.
1097 1452 1156 1509 ego
1177 1436 1229 1509 qui
1251 1436 1364 1509 placita
1384 1437 1447 1496 ista
1461 1455 1539 1496 cum

234 1542 367 1599 antehac
397 1539 572 1614 impugnavi
604 1548 668 1594 tum
690 1556 771 1595 nunc
801 1538 931 1612 repudio
962 1545 994 1593 et
1016 1545 1162 1611 tanquam
1190 1537 1349 1611 inprobam
1373 1539 1538 1599 licentiam

233 1643 387 1719 prohiberi
410 1642 489 1718 vol0,
521 1641 691 1714 promptius
725 1639 882 1696 adsentiar
909 1647 1034 1713 etymon
1057 1639 1140 1695 idem
1163 1639 1312 1695 statuenti
1336 1657 1438 1714 equo
1461 1647 1539 1698 utur

234 1744 341 1802 11315
366 1737 474 1814 οὔδωμ
497 1742 581 1797 unda
604 1741 802 1815 goticumque
826 1746 889 1796 uolo
911 1741 1075 1800 extiterint.
1100 1741 1185 1813 quod
1208 1740 1233 1795 si
1255 1740 1375 1809 haesi,
1396 1759 1538 1816 pronun·

186 1920 190 1928 Ι
234 1846 341 1903 tiendo
365 1843 588 1918 duplicabimus
612 1842 777 1900 dentalem.
814 1841 870 1898 luit
893 1840 1053 1899 cumhinc
1075 1841 1252 1898 nominasse
1275 1840 1408 1900 Vmbros
1431 1843 1537 1919 suspi-

233 1964 318 2004 carer
351 1963 476 2012 vocem,
511 1952 545 2000 ut
568 1943 696 2000 Latinos
729 1943 889 1999 delubrum
919 1961 937 1999 a
969 1942 1137 2000 deluendo,
1181 1936 1269 2016 ἰδίως
1291 1940 1433 2003 καλεῖται
1454 1943 1537 2018 παρ’

232 2042 416 2121 Ἀθηναίοις
439 2040 601 2118 ἀπόνιμμα
625 2040 676 2104 ἐπὶ
698 2042 764 2103 τῶν
786 2037 833 2116 εἰς
855 2039 948 2117 τιμὴν
969 2041 1037 2116 τοῖς
1059 2041 1186 2116 νεκροῖς
1203 2040 1383 2117 γινομένων
1404 2040 1457 2104 καὶ
1480 2040 1537 2104 ἐπὶ

232 2149 298 2210 τῶν
320 2145 398 2221 τοὺς
420 2142 547 2219 ἐναγεῖς
569 2128 791 2220 καθαιρόντων
817 2144 996 2202 Athenaeus
1014 2144 1058 2200 ΙΧ
1070 2163 1098 2218 p.
1116 2136 1195 2203 409ί
1224 2145 1375 2219 adpositis
1399 2143 1536 2202 Clidemi

234 2260 265 2307 et
288 2246 438 2305 Dorothei
461 2247 653 2314 testimoniis
677 2263 714 2301 ex
739 2246 848 2319 quibus
870 2246 1061 2320 parentantis
1084 2247 1176 2303 verba
1198 2241 1269 2320 ὑμῖν
1294 2240 1457 2321 ἀπόνιμμα
1480 2240 1537 2321 οἷς

232 2349 290 2426 χρὴ
314 2346 366 2410 καὶ
391 2345 439 2422 οἷς
462 2345 551 2421 θέμις
575 2357 606 2404 et
621 2347 681 2403 hoc
696 2354 895 2421 praeceptum
918 2341 1014 2405 ἔπειτ’
1033 2341 1278 2421 ἀπονιψάμενος
1301 2342 1401 2421 αὐτὸς
1424 2342 1478 2406 καὶ
1501 2341 1536 2407 οἱ

232 2447 324 2512 ἄλλοι
346 2446 628 2524 σπλαγχνεύοντες
643 2444 729 2522 ὕδωρ
746 2446 853 2522 λαβὼν
869 2444 1000 2523 κάθαιρε
1016 2450 1057 2505 ad
1073 2449 1217 2505 Vmbrica
1235 2448 1374 2505 conferre
1391 2448 1545 2522 expedit.

229 2542 416 2609 ‘ntulluuium
440 2551 532 2606 lotum
554 2550 586 2605 in
609 2551 830 2607 commentario
859 2567 1015 2607 sacrorum
1044 2550 1195 2623 significat
1225 2567 1335 2607 manus
1358 2551 1411 2625 qui
1432 2543 1535 2609 lavet’

234 2656 352 2711 Festus
396 2654 445 2710 hic
469 2654 592 2710 vascula
615 2654 646 2710 in
676 2672 728 2710 ara
763 2661 878 2710 statuta
911 2670 1020 2710 manus
1054 2653 1153 2708 loturo
1176 2645 1338 2709 materiam
1365 2650 1533 2726 praebent,

233 2756 392 2813 detersuro
416 2756 506 2812 adest
529 2754 715 2810 mantrahklu
738 2772 831 2829 supra
852 2761 1054 2811 memoratum
1068 2773 1093 2812 v.
1109 2755 1157 2813 19.
1194 2752 1394 2828 Robigalibus
1416 2770 1535 2811 canem

232 2857 402 2913 immolanti
430 2856 543 2912 flamini
575 2874 593 2911 α
618 2857 725 2911 dextro
748 2856 833 2912 villis
862 2856 985 2911 mantele
1011 2855 1113 2912 solutis
1131 2853 1201 2932 fuit
1220 2861 1300 2910 teste
1323 2851 1435 2910 Ovidio
1458 2851 1536 2913 fast.

233 2957 360 3018 11‘933.

331 3060 373 3116 40
394 3058 468 3115 alias
490 3057 697 3115 sacrificantes
721 3059 768 3115 dis
792 3066 863 3114 exta
886 3058 929 3115 ita
951 3059 1087 3114 reddunt
1104 3064 1137 3112 ut
1152 3074 1206 3130 per
1221 3054 1379 3114 ministros
1398 3054 1536 3112 flammis

232 3145 345 3234 imponi
357 3161 492 3228 iubeant,
505 3176 567 3215 non
582 3161 741 3233 imponant
756 3161 822 3234 ipsi,
834 3160 867 3215 id
879 3161 965 3234 quod
977 3177 1014 3215 ex
1029 3158 1166 3218 1B34ss.
1184 3154 1226 3233 (p.
1236 3158 1309 3231 113)
1327 3157 1419 3214 etiam
1430 3157 1536 3232 Iguvii

231 3279 286 3318 usu
304 3262 427 3317 venisse
449 3261 603 3319 discimus.
642 3261 700 3317 hoc
723 3278 844 3317 sacrum
867 3261 917 3335 qui
940 3260 1021 3328 facit,
1050 3261 1148 3334 ipsum
1171 3259 1304 3315 divinam
1321 3266 1442 3335 partem
1457 3275 1536 3315 con-

230 3380 336 3438 gerere
360 3371 391 3418 et
413 3364 475 3419 deo
499 3363 573 3417 dare
596 3370 726 3436 oportet.
771 3363 856 3436 quod
879 3362 904 3418 si
931 3361 1141 3435 parentalibus
1165 3370 1195 3417 et
1218 3359 1332 3417 februis
1354 3360 1387 3415 id
1408 3376 1538 3418 sacrum

230 3466 293 3522 iure
316 3463 572 3537 comparavimus,
605 3464 718 3519 eodem
741 3464 868 3520 consilio
897 3463 1068 3518 institutum
1090 3462 1211 3518 videtur
1233 3478 1294 3536 quo
1318 3459 1451 3517 Romani
1473 3460 1536 3517 ob·

231 3566 392 3623 servabant
414 3581 523 3619 munus
547 3565 656 3620 annale
681 3563 782 3620 Genio
806 3565 962 3620 solventes
992 3572 1026 3619 nt
1050 3563 1152 3618 Genio
1186 3561 1302 3618 factum
1330 3576 1421 3617 nemo
1455 3569 1537 3618 ante

230 3675 369 3742 gustaret
392 3683 484 3740 quam
507 3665 532 3721 is
555 3665 606 3738 qui
629 3663 755 3721 fecisset
777 3661 979 3736 (Censorinus
996 3665 1036 3720 de
1053 3664 1104 3719 die
1119 3670 1181 3721 nat.
1199 3657 1239 3740 2).
1274 3661 1346 3740 erus
1357 3660 1535 3738 essusderi·

231 3777 332 3825 vatum
355 3786 393 3823 ex
417 3784 460 3822 eso
485 3784 540 3822 esso
562 3765 693 3822 sortasse
717 3783 773 3840 per
795 3772 903 3822 esunt-s
925 3767 963 3822 ab
985 3765 1107 3821 Vmbris
1131 3763 1283 3837 Oscisque
1304 3763 1413 3827 dicitur
1428 3756 1536 3840 αὐτός

229 3869 296 3943 ipse,
318 3878 352 3924 ut
375 3869 507 3943 pluribus
521 3868 592 3924 olim
612 3869 739 3942 exposui
763 3869 793 3924 in
816 3869 891 3943 legis
907 3869 1057 3925 Bantinae
1079 3868 1333 3942 interpretatione
1348 3882 1425 3923 mus.
1441 3866 1534 3930 rhen.

230 3971 321 4028 XXX
332 3989 361 4045 p.
378 3972 438 4029 436
451 3987 491 4028 ss
518 3988 577 4027 nec
599 3971 698 4044 potuit
721 3971 767 4027 ille
790 3971 878 4028 aliter
900 3970 1055 4043 designari
1078 3979 1130 4026 aut
1155 3969 1265 4025 certius
1285 3985 1376 4042 quam
1391 3967 1441 4023 cui
1460 3977 1538 4042 opus

231 4080 285 4146 est,
315 4073 364 4129 cui
387 4071 545 4143 convenit,
583 4066 709 4148 ᾧχρή,
742 4072 813 4145 quia
837 4071 960 4128 introitu
982 4071 1059 4146 legis
1081 4089 1144 4126 non
1172 4070 1272 4126 solum
1294 4067 1442 4126 adfertori
1472 4072 1537 4128 sed

231 4174 322 4231 etiam
351 4172 416 4229 aliis
439 4172 498 4229 hoc
525 4171 705 4228 sacrificium
729 4174 969 4247 perpetrandum
991 4189 1060 4229 esse
1084 4172 1296 4246 comperimus.
1339 4169 1435 4225 bertar
1456 4187 1536 4228 nus·

231 4291 322 4349 quam
347 4275 471 4331 liberam
494 4273 612 4330 indicat
632 4275 839 4342 voluntatem,
867 4275 924 4331 sed
951 4274 1063 4348 ubique
1094 4273 1178 4348 quod
1201 4272 1309 4329 scitum
1331 4276 1378 4326 est
1403 4267 1470 4325 fieri
1500 4279 1538 4328 et

231 4377 430 4432 constitutum
449 4392 549 4450 neque
574 4375 771 4436 arbitrarium.

329 4479 367 4535 41
394 4494 430 4532 ex
454 4476 539 4534 latini
561 4476 710 4533 sermonis
734 4477 958 4534 consuetudine
982 4477 1007 4533 si
1029 4476 1107 4533 haec
1130 4475 1255 4543 metiris,
1277 4472 1371 4530 nimio
1393 4470 1537 4530 insolen-

231 4577 289 4634 tius
312 4578 472 4652 genetivus
495 4577 649 4634 adhibitus
671 4586 719 4634 est
739 4579 791 4635 ubi
813 4580 1021 4636 accusativum
1044 4578 1212 4636 desideres.
1256 4584 1288 4632 at
1313 4589 1383 4650 pars
1405 4580 1536 4632 tantum

229 4677 356 4735 liborum
379 4684 410 4732 et
433 4677 546 4732 crudae
569 4678 669 4733 carnis
693 4679 933 4735 comminuenda
964 4687 996 4735 et
1023 4679 1054 4735 in
1085 4678 1187 4751 ignem
1211 4675 1388 4751 spargenda
1409 4675 1537 4746 praeci·
