<?xml version="1.0" encoding="UTF-8"?>
<!DOCTYPE html PUBLIC "-//W3C//DTD XHTML 1.0 Transitional//EN"
    "http://www.w3.org/TR/xhtml1/DTD/xhtml1-transitional.dtd">
<html xmlns="http://www.w3.org/1999/xhtml" xml:lang="en" lang="en">
 <head>
  <title>
</title>
<meta http-equiv="Content-Type" content="text/html;charset=utf-8" />
  <meta name='ocr-system' content='tesseract 3.04.00' />
  <meta name='ocr-capabilities' content='ocr_page ocr_carea ocr_par ocr_line ocrx_word'/>
</head>
<body>
  <div class='ocr_page' id='page_1' title='image "./vmbricainterpre00buecgoog_0160.png"; bbox 0 0 3742 5364; ppageno 0'>
   <div class='ocr_carea' id='block_1_1' title="bbox 228 350 918 409">
    <p class='ocr_par' dir='ltr' id='par_1_1' title="bbox 228 350 918 409">
     <span class='ocr_line' id='line_1_1' title="bbox 228 350 918 409; baseline 0.001 -3"><span class='ocrx_word' id='word_1_1' title='bbox 228 350 296 409; x_wconf 86' lang='lat'><strong>1113</strong></span> <span class='ocrx_word' id='word_1_2' title='bbox 859 350 918 408; x_wconf 78' lang='lat'>152</span> 
     </span>
    </p>
   </div>
   <div class='ocr_carea' id='block_1_2' title="bbox 228 526 1537 710">
    <p class='ocr_par' dir='ltr' id='par_1_2' title="bbox 228 526 1537 710">
     <span class='ocr_line' id='line_1_2' title="bbox 228 526 1537 613; baseline 0 -20"><span class='ocrx_word' id='word_1_3' title='bbox 228 531 290 593; x_wconf 91' lang='lat' dir='ltr'>tak</span> <span class='ocrx_word' id='word_1_4' title='bbox 312 531 405 594; x_wconf 92' lang='lat' dir='ltr'>vuke</span> <span class='ocrx_word' id='word_1_5' title='bbox 435 550 560 613; x_wconf 90' lang='lat' dir='ltr'>prumu</span> <span class='ocrx_word' id='word_1_6' title='bbox 582 531 723 611; x_wconf 89' lang='lat' dir='ltr'>pehatu.</span> <span class='ocrx_word' id='word_1_7' title='bbox 742 526 747 610; x_wconf 76' lang='lat' dir='ltr'>l</span> <span class='ocrx_word' id='word_1_8' title='bbox 767 527 853 590; x_wconf 90' lang='lat' dir='ltr'>inuk</span> <span class='ocrx_word' id='word_1_9' title='bbox 906 532 1022 590; x_wconf 84' lang='lat' dir='ltr'>fontem</span> <span class='ocrx_word' id='word_1_10' title='bbox 1045 533 1132 590; x_wconf 88' lang='lat' dir='ltr'>aedis</span> <span class='ocrx_word' id='word_1_11' title='bbox 1161 533 1292 608; x_wconf 90' lang='lat' dir='ltr'>primum</span> <span class='ocrx_word' id='word_1_12' title='bbox 1322 534 1421 610; x_wconf 89' lang='lat' dir='ltr'>piato.</span> <span class='ocrx_word' id='word_1_13' title='bbox 1442 528 1448 613; x_wconf 85' lang='grc' dir='ltr'>Ι</span> <span class='ocrx_word' id='word_1_14' title='bbox 1468 543 1537 593; x_wconf 90' lang='lat' dir='ltr'>tum</span> 
     </span>
     <span class='ocr_line' id='line_1_3' title="bbox 229 627 1537 710; baseline 0.002 -18"><span class='ocrx_word' id='word_1_15' title='bbox 229 631 356 694; x_wconf 87' lang='lat' dir='ltr'>uhturu</span> <span class='ocrx_word' id='word_1_16' title='bbox 399 643 494 694; x_wconf 91' lang='lat' dir='ltr'>urtes</span> <span class='ocrx_word' id='word_1_17' title='bbox 537 630 653 710; x_wconf 88' lang='lat' dir='ltr'>puntis</span> <span class='ocrx_word' id='word_1_18' title='bbox 690 631 699 702; x_wconf 81' lang='lat' dir='ltr'>l</span> <span class='ocrx_word' id='word_1_19' title='bbox 745 627 853 692; x_wconf 86' lang='lat' dir='ltr'>frater</span> <span class='ocrx_word' id='word_1_20' title='bbox 873 657 885 691; x_wconf 82' lang='grc' dir='ltr'>ιι</span> <span class='ocrx_word' id='word_1_21' title='bbox 905 642 1062 691; x_wconf 84' lang='lat' dir='ltr'><strong>auctorem</strong></span> <span class='ocrx_word' id='word_1_22' title='bbox 1099 635 1172 690; x_wconf 88' lang='lat' dir='ltr'>ortis</span> <span class='ocrx_word' id='word_1_23' title='bbox 1207 632 1389 708; x_wconf 77' lang='lat' dir='ltr'>pontibusl</span> <span class='ocrx_word' id='word_1_24' title='bbox 1423 635 1537 695; x_wconf 82' lang='lat' dir='ltr'>iratres</span> 
     </span>
    </p>
   </div>
   <div class='ocr_carea' id='block_1_3' title="bbox 150 831 1599 4340">
    <p class='ocr_par' dir='ltr' id='par_1_3' title="bbox 228 831 1587 2021">
     <span class='ocr_line' id='line_1_4' title="bbox 229 831 1536 914; baseline 0.001 -17"><span class='ocrx_word' id='word_1_25' title='bbox 229 831 275 912; x_wconf 80' lang='grc' dir='ltr'>εἰς</span> <span class='ocrx_word' id='word_1_26' title='bbox 297 834 337 896; x_wconf 87' lang='grc' dir='ltr'>τὰ</span> <span class='ocrx_word' id='word_1_27' title='bbox 357 832 428 912; x_wconf 83' lang='grc' dir='ltr'>ἱερὰ</span> <span class='ocrx_word' id='word_1_28' title='bbox 451 832 558 897; x_wconf 86' lang='grc' dir='ltr'>αὐτῶν</span> <span class='ocrx_word' id='word_1_29' title='bbox 581 831 806 911; x_wconf 87' lang='grc' dir='ltr'>ἐπιβαίνοντας</span> <span class='ocrx_word' id='word_1_30' title='bbox 827 831 879 893; x_wconf 88' lang='grc' dir='ltr'>καὶ</span> <span class='ocrx_word' id='word_1_31' title='bbox 901 831 1067 910; x_wconf 87' lang='grc' dir='ltr'>προςιέναι</span> <span class='ocrx_word' id='word_1_32' title='bbox 1089 831 1199 910; x_wconf 86' lang='grc' dir='ltr'>αὐτοῖς</span> <span class='ocrx_word' id='word_1_33' title='bbox 1215 832 1396 912; x_wconf 80' lang='grc' dir='ltr'>μέλλοντας</span> <span class='ocrx_word' id='word_1_34' title='bbox 1418 834 1536 914; x_wconf 83' lang='grc' dir='ltr'>λοιβὰς</span> 
     </span>
     <span class='ocr_line' id='line_1_5' title="bbox 228 931 1537 1014; baseline 0.002 -18"><span class='ocrx_word' id='word_1_35' title='bbox 228 933 280 996; x_wconf 89' lang='grc' dir='ltr'>καὶ</span> <span class='ocrx_word' id='word_1_36' title='bbox 301 933 415 1011; x_wconf 90' lang='grc' dir='ltr'>κνίσας</span> <span class='ocrx_word' id='word_1_37' title='bbox 436 932 688 1010; x_wconf 80' lang='grc' dir='ltr'>ἀποτελοῦντας,</span> <span class='ocrx_word' id='word_1_38' title='bbox 709 932 823 995; x_wconf 80' lang='grc' dir='ltr'>τέλεον</span> <span class='ocrx_word' id='word_1_39' title='bbox 844 933 880 995; x_wconf 81' lang='grc' dir='ltr'>δὲ</span> <span class='ocrx_word' id='word_1_40' title='bbox 903 931 954 995; x_wconf 88' lang='grc' dir='ltr'>καὶ</span> <span class='ocrx_word' id='word_1_41' title='bbox 974 931 1127 996; x_wconf 82' lang='grc' dir='ltr'>λούεσθαι</span> <span class='ocrx_word' id='word_1_42' title='bbox 1150 931 1306 1012; x_wconf 83' lang='grc' dir='ltr'>ἀπιόντας</span> <span class='ocrx_word' id='word_1_43' title='bbox 1326 934 1403 1014; x_wconf 85' lang='grc' dir='ltr'>πρὶν</span> <span class='ocrx_word' id='word_1_44' title='bbox 1425 933 1537 1000; x_wconf 81' lang='grc' dir='ltr'>ἐλθεῖν</span> 
     </span>
     <span class='ocr_line' id='line_1_6' title="bbox 230 1031 1536 1112; baseline -0.001 -14"><span class='ocrx_word' id='word_1_45' title='bbox 230 1034 281 1098; x_wconf 89' lang='grc' dir='ltr'>ἐπὶ</span> <span class='ocrx_word' id='word_1_46' title='bbox 303 1035 343 1097; x_wconf 92' lang='grc' dir='ltr'>τὰ</span> <span class='ocrx_word' id='word_1_47' title='bbox 364 1033 435 1112; x_wconf 88' lang='grc' dir='ltr'>ἱερὰ</span> <span class='ocrx_word' id='word_1_48' title='bbox 464 1032 543 1097; x_wconf 84' lang='grc' dir='ltr'>ἔνθα</span> <span class='ocrx_word' id='word_1_49' title='bbox 569 1031 715 1111; x_wconf 85' lang='grc' dir='ltr'>ἵδρυνται</span> <span class='ocrx_word' id='word_1_50' title='bbox 749 1035 881 1091; x_wconf 84' lang='lat' dir='ltr'>lustinus</span> <span class='ocrx_word' id='word_1_51' title='bbox 914 1036 993 1109; x_wconf 85' lang='lat' dir='ltr'>apol.</span> <span class='ocrx_word' id='word_1_52' title='bbox 1018 1034 1032 1091; x_wconf 94' lang='grc' dir='ltr'>Ι</span> <span class='ocrx_word' id='word_1_53' title='bbox 1053 1033 1121 1110; x_wconf 81' lang='grc'>62),</span> <span class='ocrx_word' id='word_1_54' title='bbox 1154 1038 1310 1110; x_wconf 88' lang='lat' dir='ltr'>quomodo</span> <span class='ocrx_word' id='word_1_55' title='bbox 1345 1038 1536 1097; x_wconf 81' lang='lat' dir='ltr'><strong>dedicantes</strong></span> 
     </span>
     <span class='ocr_line' id='line_1_7' title="bbox 230 1134 1536 1216; baseline 0.005 -21"><span class='ocrx_word' id='word_1_56' title='bbox 230 1157 313 1196; x_wconf 87' lang='lat' dir='ltr'>aram</span> <span class='ocrx_word' id='word_1_57' title='bbox 336 1147 367 1195; x_wconf 93' lang='lat' dir='ltr'>et</span> <span class='ocrx_word' id='word_1_58' title='bbox 388 1146 554 1213; x_wconf 86' lang='lat' dir='ltr'>purgantes</span> <span class='ocrx_word' id='word_1_59' title='bbox 578 1138 704 1193; x_wconf 90' lang='lat' dir='ltr'>domum</span> <span class='ocrx_word' id='word_1_60' title='bbox 727 1136 928 1210; x_wconf 85' lang='lat' dir='ltr'>auspicantur</span> <span class='ocrx_word' id='word_1_61' title='bbox 949 1137 1058 1193; x_wconf 90' lang='lat' dir='ltr'>titione</span> <span class='ocrx_word' id='word_1_62' title='bbox 1080 1137 1217 1193; x_wconf 91' lang='lat' dir='ltr'>immisso</span> <span class='ocrx_word' id='word_1_63' title='bbox 1238 1138 1269 1194; x_wconf 88' lang='lat' dir='ltr'>in</span> <span class='ocrx_word' id='word_1_64' title='bbox 1285 1154 1397 1212; x_wconf 89' lang='lat' dir='ltr'>aquam</span> <span class='ocrx_word' id='word_1_65' title='bbox 1412 1134 1536 1216; x_wconf 88' lang='lat' dir='ltr'>(Eurip.</span> 
     </span>
     <span class='ocr_line' id='line_1_8' title="bbox 228 1228 1536 1316; baseline 0 -19"><span class='ocrx_word' id='word_1_66' title='bbox 228 1240 320 1300; x_wconf 90' lang='lat' dir='ltr'>Herc.</span> <span class='ocrx_word' id='word_1_67' title='bbox 343 1241 403 1298; x_wconf 83' lang='lat'>928</span> <span class='ocrx_word' id='word_1_68' title='bbox 438 1238 591 1312; x_wconf 88' lang='lat' dir='ltr'>Aristoph.</span> <span class='ocrx_word' id='word_1_69' title='bbox 615 1236 685 1294; x_wconf 91' lang='lat' dir='ltr'>Pac.</span> <span class='ocrx_word' id='word_1_70' title='bbox 707 1228 793 1313; x_wconf 82' lang='lat'>959),</span> <span class='ocrx_word' id='word_1_71' title='bbox 828 1237 987 1310; x_wconf 90' lang='lat' dir='ltr'>quomodo</span> <span class='ocrx_word' id='word_1_72' title='bbox 1010 1254 1091 1311; x_wconf 91' lang='lat' dir='ltr'>aqua</span> <span class='ocrx_word' id='word_1_73' title='bbox 1115 1247 1146 1294; x_wconf 90' lang='lat' dir='ltr'>et</span> <span class='ocrx_word' id='word_1_74' title='bbox 1176 1237 1237 1312; x_wconf 89' lang='lat' dir='ltr'>igni</span> <span class='ocrx_word' id='word_1_75' title='bbox 1266 1256 1377 1295; x_wconf 89' lang='lat' dir='ltr'>novam</span> <span class='ocrx_word' id='word_1_76' title='bbox 1400 1248 1536 1316; x_wconf 85' lang='lat' dir='ltr'>nuptam</span> 
     </span>
     <span class='ocr_line' id='line_1_9' title="bbox 229 1338 1535 1416; baseline 0 -18"><span class='ocrx_word' id='word_1_77' title='bbox 229 1342 353 1397; x_wconf 91' lang='lat' dir='ltr'>maritus</span> <span class='ocrx_word' id='word_1_78' title='bbox 378 1341 498 1414; x_wconf 87' lang='lat' dir='ltr'>accipit,</span> <span class='ocrx_word' id='word_1_79' title='bbox 521 1340 564 1395; x_wconf 86' lang='lat' dir='ltr'>ita</span> <span class='ocrx_word' id='word_1_80' title='bbox 579 1340 610 1395; x_wconf 91' lang='lat' dir='ltr'>in</span> <span class='ocrx_word' id='word_1_81' title='bbox 626 1338 672 1394; x_wconf 91' lang='lat' dir='ltr'>his</span> <span class='ocrx_word' id='word_1_82' title='bbox 688 1338 791 1404; x_wconf 86' lang='lat' dir='ltr'>sacris,</span> <span class='ocrx_word' id='word_1_83' title='bbox 814 1338 844 1392; x_wconf 89' lang='lat' dir='ltr'>in</span> <span class='ocrx_word' id='word_1_84' title='bbox 867 1338 964 1412; x_wconf 92' lang='lat' dir='ltr'>primo</span> <span class='ocrx_word' id='word_1_85' title='bbox 988 1339 1059 1394; x_wconf 91' lang='lat' dir='ltr'>novi</span> <span class='ocrx_word' id='word_1_86' title='bbox 1082 1338 1173 1395; x_wconf 86' lang='lat' dir='ltr'>officii</span> <span class='ocrx_word' id='word_1_87' title='bbox 1196 1358 1234 1396; x_wconf 92' lang='lat' dir='ltr'>ac</span> <span class='ocrx_word' id='word_1_88' title='bbox 1256 1339 1425 1414; x_wconf 78' lang='lat' dir='ltr'>magisterii</span> <span class='ocrx_word' id='word_1_89' title='bbox 1440 1341 1535 1416; x_wconf 78' lang='lat' dir='ltr'>quasi</span> 
     </span>
     <span class='ocr_line' id='line_1_10' title="bbox 230 1440 1534 1516; baseline 0.002 -19"><span class='ocrx_word' id='word_1_90' title='bbox 230 1442 331 1498; x_wconf 89' lang='lat' dir='ltr'>limine</span> <span class='ocrx_word' id='word_1_91' title='bbox 353 1441 482 1516; x_wconf 90' lang='lat' dir='ltr'>primurn</span> <span class='ocrx_word' id='word_1_92' title='bbox 504 1441 621 1515; x_wconf 88' lang='lat' dir='ltr'>piatam</span> <span class='ocrx_word' id='word_1_93' title='bbox 644 1455 713 1495; x_wconf 88' lang='lat' dir='ltr'>esse</span> <span class='ocrx_word' id='word_1_94' title='bbox 737 1456 850 1512; x_wconf 92' lang='lat' dir='ltr'>aquam</span> <span class='ocrx_word' id='word_1_95' title='bbox 873 1456 954 1512; x_wconf 89' lang='lat' dir='ltr'>quae</span> <span class='ocrx_word' id='word_1_96' title='bbox 977 1440 1008 1495; x_wconf 92' lang='lat' dir='ltr'>in</span> <span class='ocrx_word' id='word_1_97' title='bbox 1030 1440 1147 1515; x_wconf 90' lang='lat' dir='ltr'>templo</span> <span class='ocrx_word' id='word_1_98' title='bbox 1171 1441 1200 1496; x_wconf 90' lang='lat' dir='ltr'>in</span> <span class='ocrx_word' id='word_1_99' title='bbox 1224 1441 1309 1498; x_wconf 86' lang='lat' dir='ltr'>labro</span> <span class='ocrx_word' id='word_1_100' title='bbox 1332 1440 1377 1497; x_wconf 82' lang='lat' dir='ltr'>rei</span> <span class='ocrx_word' id='word_1_101' title='bbox 1402 1442 1534 1501; x_wconf 85' lang='lat' dir='ltr'>divinae</span> 
     </span>
     <span class='ocr_line' id='line_1_11' title="bbox 229 1538 1587 1619; baseline 0 -19"><span class='ocrx_word' id='word_1_102' title='bbox 229 1560 322 1600; x_wconf 86' lang='lat' dir='ltr'>causa</span> <span class='ocrx_word' id='word_1_103' title='bbox 345 1543 387 1598; x_wconf 95' lang='lat' dir='ltr'>ad</span> <span class='ocrx_word' id='word_1_104' title='bbox 409 1542 587 1616; x_wconf 86' lang='lat' dir='ltr'>aspergines</span> <span class='ocrx_word' id='word_1_105' title='bbox 611 1540 826 1597; x_wconf 88' lang='lat' dir='ltr'>adservaretur</span> <span class='ocrx_word' id='word_1_106' title='bbox 852 1538 941 1596; x_wconf 83' lang='lat' dir='ltr'>facile</span> <span class='ocrx_word' id='word_1_107' title='bbox 962 1540 1141 1597; x_wconf 88' lang='lat' dir='ltr'>credideris.</span> <span class='ocrx_word' id='word_1_108' title='bbox 1179 1541 1246 1616; x_wconf 93' lang='lat' dir='ltr'>quis</span> <span class='ocrx_word' id='word_1_109' title='bbox 1269 1558 1331 1616; x_wconf 92' lang='lat' dir='ltr'>quo</span> <span class='ocrx_word' id='word_1_110' title='bbox 1347 1544 1444 1599; x_wconf 90' lang='lat' dir='ltr'>modo</span> <span class='ocrx_word' id='word_1_111' title='bbox 1464 1544 1534 1619; x_wconf 89' lang='lat' dir='ltr'>pia·</span> <span class='ocrx_word' id='word_1_112' title='bbox 1582 1567 1587 1577; x_wconf 96' lang='lat'><em>·</em></span> 
     </span>
     <span class='ocr_line' id='line_1_12' title="bbox 230 1641 1529 1715; baseline 0.002 -16"><span class='ocrx_word' id='word_1_113' title='bbox 230 1652 312 1700; x_wconf 90' lang='lat' dir='ltr'>turus</span> <span class='ocrx_word' id='word_1_114' title='bbox 336 1645 374 1701; x_wconf 87' lang='lat' dir='ltr'>sit</span> <span class='ocrx_word' id='word_1_115' title='bbox 397 1661 460 1699; x_wconf 91' lang='lat' dir='ltr'>non</span> <span class='ocrx_word' id='word_1_116' title='bbox 483 1642 635 1698; x_wconf 88' lang='lat' dir='ltr'>indicatur</span> <span class='ocrx_word' id='word_1_117' title='bbox 656 1649 690 1697; x_wconf 92' lang='lat' dir='ltr'>ut</span> <span class='ocrx_word' id='word_1_118' title='bbox 711 1642 741 1696; x_wconf 93' lang='lat' dir='ltr'>in</span> <span class='ocrx_word' id='word_1_119' title='bbox 765 1658 796 1696; x_wconf 90' lang='lat' dir='ltr'>re</span> <span class='ocrx_word' id='word_1_120' title='bbox 821 1650 927 1698; x_wconf 90' lang='lat' dir='ltr'>certa:</span> <span class='ocrx_word' id='word_1_121' title='bbox 962 1642 1068 1698; x_wconf 89' lang='lat' dir='ltr'>mirum</span> <span class='ocrx_word' id='word_1_122' title='bbox 1096 1642 1127 1697; x_wconf 92' lang='lat' dir='ltr'>ni</span> <span class='ocrx_word' id='word_1_123' title='bbox 1148 1641 1259 1698; x_wconf 88' lang='lat' dir='ltr'>flamen</span> <span class='ocrx_word' id='word_1_124' title='bbox 1288 1643 1352 1699; x_wconf 89' lang='lat' dir='ltr'>sive</span> <span class='ocrx_word' id='word_1_125' title='bbox 1375 1642 1529 1715; x_wconf 83' lang='lat' dir='ltr'>adfertur,</span> 
     </span>
     <span class='ocr_line' id='line_1_13' title="bbox 229 1736 1529 1821; baseline 0.002 -20"><span class='ocrx_word' id='word_1_126' title='bbox 229 1745 341 1802; x_wconf 86' lang='lat' dir='ltr'>Graeci</span> <span class='ocrx_word' id='word_1_127' title='bbox 362 1741 400 1804; x_wconf 83' lang='lat' dir='ltr'>rb</span> <span class='ocrx_word' id='word_1_128' title='bbox 423 1738 511 1818; x_wconf 83' lang='grc' dir='ltr'>ὕδωρ</span> <span class='ocrx_word' id='word_1_129' title='bbox 534 1737 671 1802; x_wconf 86' lang='grc' dir='ltr'>ἐδόκουν</span> <span class='ocrx_word' id='word_1_130' title='bbox 695 1738 857 1817; x_wconf 88' lang='grc' dir='ltr'>καθαίρειν</span> <span class='ocrx_word' id='word_1_131' title='bbox 880 1736 1125 1817; x_wconf 88' lang='grc' dir='ltr'>ἀποβάπτοντές</span> <span class='ocrx_word' id='word_1_132' title='bbox 1146 1759 1175 1802; x_wconf 87' lang='grc' dir='ltr'>τι</span> <span class='ocrx_word' id='word_1_133' title='bbox 1195 1742 1254 1803; x_wconf 78' lang='grc' dir='ltr'>τοῦ</span> <span class='ocrx_word' id='word_1_134' title='bbox 1277 1741 1382 1819; x_wconf 89' lang='grc' dir='ltr'>πυρός</span> <span class='ocrx_word' id='word_1_135' title='bbox 1416 1738 1529 1821; x_wconf 71' lang='lat' dir='ltr'>(schol.</span> 
     </span>
     <span class='ocr_line' id='line_1_14' title="bbox 229 1837 1532 1922; baseline 0.001 -20"><span class='ocrx_word' id='word_1_136' title='bbox 229 1837 408 1922; x_wconf 80' lang='lat' dir='ltr'>Aristoph.).</span> <span class='ocrx_word' id='word_1_137' title='bbox 447 1853 556 1917; x_wconf 79' lang='lat' dir='ltr'>pruma</span> <span class='ocrx_word' id='word_1_138' title='bbox 571 1859 614 1915; x_wconf 89' lang='lat' dir='ltr'>gr.</span> <span class='ocrx_word' id='word_1_139' title='bbox 630 1838 764 1917; x_wconf 86' lang='grc' dir='ltr'>πρόμον,</span> <span class='ocrx_word' id='word_1_140' title='bbox 786 1852 817 1899; x_wconf 88' lang='lat' dir='ltr'>at</span> <span class='ocrx_word' id='word_1_141' title='bbox 833 1842 969 1917; x_wconf 91' lang='lat' dir='ltr'>Paeligni</span> <span class='ocrx_word' id='word_1_142' title='bbox 986 1844 1116 1917; x_wconf 79' lang='lat' dir='ltr'>prisma:</span> <span class='ocrx_word' id='word_1_143' title='bbox 1140 1844 1242 1919; x_wconf 90' lang='lat' dir='ltr'>priora</span> <span class='ocrx_word' id='word_1_144' title='bbox 1256 1854 1288 1901; x_wconf 88' lang='lat' dir='ltr'>et</span> <span class='ocrx_word' id='word_1_145' title='bbox 1304 1844 1411 1903; x_wconf 91' lang='lat' dir='ltr'>Vmbri</span> <span class='ocrx_word' id='word_1_146' title='bbox 1418 1852 1532 1921; x_wconf 77' lang='lat' dir='ltr'>prelra</span> 
     </span>
     <span class='ocr_line' id='line_1_15' title="bbox 229 1940 1013 2021; baseline 0.003 -19"><span class='ocrx_word' id='word_1_147' title='bbox 229 1956 260 2004; x_wconf 83' lang='lat' dir='ltr'>ct</span> <span class='ocrx_word' id='word_1_148' title='bbox 283 1947 419 2021; x_wconf 86' lang='lat' dir='ltr'>Paeligni</span> <span class='ocrx_word' id='word_1_149' title='bbox 434 1945 547 2018; x_wconf 70' lang='lat' dir='ltr'>preire,</span> <span class='ocrx_word' id='word_1_150' title='bbox 570 1952 602 1999; x_wconf 89' lang='lat' dir='ltr'>at</span> <span class='ocrx_word' id='word_1_151' title='bbox 627 1944 699 2000; x_wconf 86' lang='lat' dir='ltr'>Osci</span> <span class='ocrx_word' id='word_1_152' title='bbox 716 1949 824 2017; x_wconf 76' lang='lat' dir='ltr'>prater</span> <span class='ocrx_word' id='word_1_153' title='bbox 844 1940 1013 2018; x_wconf 85' lang='grc' dir='ltr'>πρότερον.</span> 
     </span>
    </p>

    <p class='ocr_par' dir='ltr' id='par_1_4' title="bbox 150 2035 1535 3938">
     <span class='ocr_line' id='line_1_16' title="bbox 329 2035 1534 2121; baseline -0.002 -15"><span class='ocrx_word' id='word_1_154' title='bbox 329 2050 349 2106; x_wconf 86' lang='grc'>4</span> <span class='ocrx_word' id='word_1_155' title='bbox 377 2053 454 2103; x_wconf 82' lang='lat' dir='ltr'>urter</span> <span class='ocrx_word' id='word_1_156' title='bbox 469 2046 574 2119; x_wconf 82' lang='lat' dir='ltr'>punlz&#39;s</span> <span class='ocrx_word' id='word_1_157' title='bbox 595 2042 703 2101; x_wconf 86' lang='lat' dir='ltr'>fratres</span> <span class='ocrx_word' id='word_1_158' title='bbox 726 2053 884 2101; x_wconf 88' lang='lat' dir='ltr'>auctorem</span> <span class='ocrx_word' id='word_1_159' title='bbox 907 2055 1021 2104; x_wconf 89' lang='lat' dir='ltr'>creant.</span> <span class='ocrx_word' id='word_1_160' title='bbox 1071 2046 1136 2102; x_wconf 92' lang='lat' dir='ltr'>sine</span> <span class='ocrx_word' id='word_1_161' title='bbox 1159 2046 1255 2104; x_wconf 92' lang='lat' dir='ltr'>dubio</span> <span class='ocrx_word' id='word_1_162' title='bbox 1276 2053 1380 2121; x_wconf 88' lang='lat' dir='ltr'>partes</span> <span class='ocrx_word' id='word_1_163' title='bbox 1404 2035 1534 2105; x_wconf 75' lang='lat' dir='ltr'>fratrum</span> 
     </span>
     <span class='ocr_line' id='line_1_17' title="bbox 229 2145 1535 2220; baseline 0 -15"><span class='ocrx_word' id='word_1_164' title='bbox 229 2149 271 2206; x_wconf 91' lang='lat' dir='ltr'>ita</span> <span class='ocrx_word' id='word_1_165' title='bbox 293 2155 441 2206; x_wconf 90' lang='lat' dir='ltr'>vocantur</span> <span class='ocrx_word' id='word_1_166' title='bbox 464 2148 495 2203; x_wconf 90' lang='lat' dir='ltr'>in</span> <span class='ocrx_word' id='word_1_167' title='bbox 518 2162 593 2219; x_wconf 89' lang='lat' dir='ltr'>quas</span> <span class='ocrx_word' id='word_1_168' title='bbox 617 2145 657 2201; x_wconf 90' lang='lat' dir='ltr'>de</span> <span class='ocrx_word' id='word_1_169' title='bbox 680 2162 765 2202; x_wconf 90' lang='lat' dir='ltr'>more</span> <span class='ocrx_word' id='word_1_170' title='bbox 788 2145 950 2220; x_wconf 88' lang='lat' dir='ltr'>collegium</span> <span class='ocrx_word' id='word_1_171' title='bbox 980 2147 1127 2203; x_wconf 91' lang='lat' dir='ltr'>dividitur</span> <span class='ocrx_word' id='word_1_172' title='bbox 1148 2147 1199 2204; x_wconf 90' lang='lat' dir='ltr'>ubi</span> <span class='ocrx_word' id='word_1_173' title='bbox 1224 2146 1378 2205; x_wconf 87' lang='lat' dir='ltr'>sententia</span> <span class='ocrx_word' id='word_1_174' title='bbox 1401 2145 1535 2205; x_wconf 85' lang='lat' dir='ltr'>ferenda</span> 
     </span>
     <span class='ocr_line' id='line_1_18' title="bbox 229 2246 1535 2324; baseline 0 -19"><span class='ocrx_word' id='word_1_175' title='bbox 229 2259 276 2306; x_wconf 92' lang='lat' dir='ltr'>est</span> <span class='ocrx_word' id='word_1_176' title='bbox 298 2258 351 2307; x_wconf 92' lang='lat' dir='ltr'>aut</span> <span class='ocrx_word' id='word_1_177' title='bbox 374 2249 517 2306; x_wconf 84' lang='lat' dir='ltr'>facienda</span> <span class='ocrx_word' id='word_1_178' title='bbox 540 2247 697 2313; x_wconf 91' lang='lat' dir='ltr'>discessi0‚</span> <span class='ocrx_word' id='word_1_179' title='bbox 731 2255 825 2321; x_wconf 90' lang='lat' dir='ltr'>atque</span> <span class='ocrx_word' id='word_1_180' title='bbox 846 2248 877 2304; x_wconf 90' lang='lat' dir='ltr'>in</span> <span class='ocrx_word' id='word_1_181' title='bbox 900 2248 1040 2305; x_wconf 91' lang='lat' dir='ltr'>versibus</span> <span class='ocrx_word' id='word_1_182' title='bbox 1072 2250 1144 2308; x_wconf 90' lang='lat' dir='ltr'>9et</span> <span class='ocrx_word' id='word_1_183' title='bbox 1168 2250 1207 2307; x_wconf 92' lang='grc'>10</span> <span class='ocrx_word' id='word_1_184' title='bbox 1232 2254 1339 2323; x_wconf 75' lang='lat' dir='ltr'>pantes</span> <span class='ocrx_word' id='word_1_185' title='bbox 1368 2265 1423 2324; x_wconf 91' lang='lat' dir='ltr'>pro</span> <span class='ocrx_word' id='word_1_186' title='bbox 1456 2246 1535 2323; x_wconf 84' lang='lat' dir='ltr'>ipsis</span> 
     </span>
     <span class='ocr_line' id='line_1_19' title="bbox 230 2348 1534 2424; baseline 0 -17"><span class='ocrx_word' id='word_1_187' title='bbox 230 2350 371 2407; x_wconf 89' lang='lat' dir='ltr'>fratribus</span> <span class='ocrx_word' id='word_1_188' title='bbox 394 2350 565 2424; x_wconf 90' lang='lat' dir='ltr'>appellatae</span> <span class='ocrx_word' id='word_1_189' title='bbox 585 2350 734 2406; x_wconf 91' lang='lat' dir='ltr'>videntur.</span> <span class='ocrx_word' id='word_1_190' title='bbox 771 2366 833 2423; x_wconf 89' lang='lat' dir='ltr'>qua</span> <span class='ocrx_word' id='word_1_191' title='bbox 855 2365 887 2404; x_wconf 91' lang='lat' dir='ltr'>re</span> <span class='ocrx_word' id='word_1_192' title='bbox 910 2349 1018 2404; x_wconf 87' lang='lat' dir='ltr'>dubito</span> <span class='ocrx_word' id='word_1_193' title='bbox 1040 2367 1113 2406; x_wconf 89' lang='lat' dir='ltr'>num</span> <span class='ocrx_word' id='word_1_194' title='bbox 1136 2348 1312 2406; x_wconf 82' lang='lat' dir='ltr'>femininum</span> <span class='ocrx_word' id='word_1_195' title='bbox 1333 2348 1394 2406; x_wconf 89' lang='lat' dir='ltr'>hoc</span> <span class='ocrx_word' id='word_1_196' title='bbox 1414 2364 1534 2407; x_wconf 87' lang='lat' dir='ltr'>nomen</span> 
     </span>
     <span class='ocr_line' id='line_1_20' title="bbox 229 2446 1533 2526; baseline 0 -18"><span class='ocrx_word' id='word_1_197' title='bbox 229 2453 312 2508; x_wconf 91' lang='lat' dir='ltr'>idem</span> <span class='ocrx_word' id='word_1_198' title='bbox 333 2453 372 2508; x_wconf 90' lang='lat' dir='ltr'>sit</span> <span class='ocrx_word' id='word_1_199' title='bbox 394 2469 430 2508; x_wconf 93' lang='lat' dir='ltr'>ac</span> <span class='ocrx_word' id='word_1_200' title='bbox 454 2451 580 2507; x_wconf 89' lang='lat' dir='ltr'>latinum</span> <span class='ocrx_word' id='word_1_201' title='bbox 595 2458 669 2523; x_wconf 84' lang='lat' dir='ltr'>pons</span> <span class='ocrx_word' id='word_1_202' title='bbox 690 2452 776 2526; x_wconf 89' lang='lat' dir='ltr'>quod</span> <span class='ocrx_word' id='word_1_203' title='bbox 799 2467 867 2506; x_wconf 89' lang='lat' dir='ltr'>cum</span> <span class='ocrx_word' id='word_1_204' title='bbox 890 2446 1037 2525; x_wconf 87' lang='grc' dir='ltr'>γέφυραν</span> <span class='ocrx_word' id='word_1_205' title='bbox 1054 2450 1253 2519; x_wconf 85' lang='lat' dir='ltr'>Graecorum,</span> <span class='ocrx_word' id='word_1_206' title='bbox 1271 2449 1422 2509; x_wconf 89' lang='lat' dir='ltr'>Oscorum</span> <span class='ocrx_word' id='word_1_207' title='bbox 1438 2456 1533 2525; x_wconf 71' lang='lat' dir='ltr'>porr!-</span> 
     </span>
     <span class='ocr_line' id='line_1_21' title="bbox 230 2551 1530 2627; baseline 0.002 -19"><span class='ocrx_word' id='word_1_208' title='bbox 230 2559 305 2609; x_wconf 81' lang='lat' dir='ltr'>trom</span> <span class='ocrx_word' id='word_1_209' title='bbox 329 2554 464 2609; x_wconf 90' lang='lat' dir='ltr'>indicare</span> <span class='ocrx_word' id='word_1_210' title='bbox 487 2553 594 2620; x_wconf 87' lang='lat' dir='ltr'>soleat,</span> <span class='ocrx_word' id='word_1_211' title='bbox 615 2561 680 2608; x_wconf 89' lang='lat' dir='ltr'>tum</span> <span class='ocrx_word' id='word_1_212' title='bbox 701 2569 720 2608; x_wconf 92' lang='lat' dir='ltr'>a</span> <span class='ocrx_word' id='word_1_213' title='bbox 739 2552 869 2608; x_wconf 90' lang='lat' dir='ltr'>comitiis</span> <span class='ocrx_word' id='word_1_214' title='bbox 892 2552 997 2627; x_wconf 90' lang='lat' dir='ltr'>populi</span> <span class='ocrx_word' id='word_1_215' title='bbox 1020 2570 1058 2609; x_wconf 89' lang='lat' dir='ltr'>ac</span> <span class='ocrx_word' id='word_1_216' title='bbox 1077 2552 1226 2627; x_wconf 87' lang='lat' dir='ltr'>suffragiis</span> <span class='ocrx_word' id='word_1_217' title='bbox 1243 2551 1367 2608; x_wconf 88' lang='lat' dir='ltr'>minime</span> <span class='ocrx_word' id='word_1_218' title='bbox 1389 2552 1530 2610; x_wconf 88' lang='lat' dir='ltr'>alienum</span> 
     </span>
     <span class='ocr_line' id='line_1_22' title="bbox 231 2652 1532 2728; baseline 0.001 -20"><span class='ocrx_word' id='word_1_219' title='bbox 231 2653 296 2713; x_wconf 90' lang='lat' dir='ltr'>fuit.</span> <span class='ocrx_word' id='word_1_220' title='bbox 332 2653 390 2710; x_wconf 91' lang='lat' dir='ltr'>buc</span> <span class='ocrx_word' id='word_1_221' title='bbox 412 2654 514 2728; x_wconf 90' lang='lat' dir='ltr'>potius</span> <span class='ocrx_word' id='word_1_222' title='bbox 535 2653 662 2711; x_wconf 89' lang='lat' dir='ltr'>inclinat</span> <span class='ocrx_word' id='word_1_223' title='bbox 683 2653 811 2717; x_wconf 75' lang='lat' dir='ltr'>animur,</span> <span class='ocrx_word' id='word_1_224' title='bbox 834 2653 919 2728; x_wconf 90' lang='lat' dir='ltr'>quod</span> <span class='ocrx_word' id='word_1_225' title='bbox 934 2654 966 2708; x_wconf 92' lang='lat' dir='ltr'>in</span> <span class='ocrx_word' id='word_1_226' title='bbox 980 2653 1153 2726; x_wconf 79' lang='lat' dir='ltr'>pumpedias</span> <span class='ocrx_word' id='word_1_227' title='bbox 1168 2652 1283 2719; x_wconf 87' lang='lat' dir='ltr'>Vmbri,</span> <span class='ocrx_word' id='word_1_228' title='bbox 1304 2652 1336 2708; x_wconf 90' lang='lat' dir='ltr'>in</span> <span class='ocrx_word' id='word_1_229' title='bbox 1351 2653 1532 2726; x_wconf 80' lang='lat' dir='ltr'>pumpen‘as</span> 
     </span>
     <span class='ocr_line' id='line_1_23' title="bbox 230 2752 1533 2829; baseline -0.002 -18"><span class='ocrx_word' id='word_1_230' title='bbox 230 2753 381 2811; x_wconf 88' lang='lat' dir='ltr'>Samnites</span> <span class='ocrx_word' id='word_1_231' title='bbox 404 2755 542 2828; x_wconf 90' lang='lat' dir='ltr'>gentium</span> <span class='ocrx_word' id='word_1_232' title='bbox 565 2762 617 2810; x_wconf 92' lang='lat' dir='ltr'>aut</span> <span class='ocrx_word' id='word_1_233' title='bbox 641 2752 820 2810; x_wconf 85' lang='lat' dir='ltr'>familiarum</span> <span class='ocrx_word' id='word_1_234' title='bbox 853 2770 1011 2809; x_wconf 89' lang='lat' dir='ltr'>numerum</span> <span class='ocrx_word' id='word_1_235' title='bbox 1041 2754 1270 2822; x_wconf 90' lang='lat' dir='ltr'>distribuerunt,</span> <span class='ocrx_word' id='word_1_236' title='bbox 1305 2753 1391 2829; x_wconf 90' lang='lat' dir='ltr'>quod</span> <span class='ocrx_word' id='word_1_237' title='bbox 1416 2754 1533 2827; x_wconf 67' lang='lat' dir='ltr'>pomtrlr</span> 
     </span>
     <span class='ocr_line' id='line_1_24' title="bbox 231 2849 1529 2933; baseline 0.002 -24"><span class='ocrx_word' id='word_1_238' title='bbox 231 2870 304 2910; x_wconf 89' lang='lat' dir='ltr'>osce</span> <span class='ocrx_word' id='word_1_239' title='bbox 329 2864 377 2911; x_wconf 89' lang='lat' dir='ltr'>est</span> <span class='ocrx_word' id='word_1_240' title='bbox 401 2854 600 2929; x_wconf 87' lang='lat' dir='ltr'>quinquiens,</span> <span class='ocrx_word' id='word_1_241' title='bbox 621 2855 708 2930; x_wconf 91' lang='lat' dir='ltr'>quod</span> <span class='ocrx_word' id='word_1_242' title='bbox 727 2849 944 2928; x_wconf 87' lang='grc' dir='ltr'>πεμπάζονται</span> <span class='ocrx_word' id='word_1_243' title='bbox 968 2855 1019 2928; x_wconf 93' lang='lat' dir='ltr'>qui</span> <span class='ocrx_word' id='word_1_244' title='bbox 1041 2856 1250 2924; x_wconf 87' lang='lat' dir='ltr'>dinumerant,</span> <span class='ocrx_word' id='word_1_245' title='bbox 1283 2863 1316 2910; x_wconf 92' lang='lat' dir='ltr'>ut</span> <span class='ocrx_word' id='word_1_246' title='bbox 1343 2872 1363 2910; x_wconf 90' lang='lat' dir='ltr'>a</span> <span class='ocrx_word' id='word_1_247' title='bbox 1384 2854 1529 2933; x_wconf 83' lang='lat' dir='ltr'>quinario</span> 
     </span>
     <span class='ocr_line' id='line_1_25' title="bbox 230 2950 1534 3030; baseline 0.004 -21"><span class='ocrx_word' id='word_1_248' title='bbox 230 2971 357 3011; x_wconf 91' lang='lat' dir='ltr'>numero</span> <span class='ocrx_word' id='word_1_249' title='bbox 375 2959 480 3028; x_wconf 74' lang='lat' dir='ltr'>punies</span> <span class='ocrx_word' id='word_1_250' title='bbox 501 2955 600 3012; x_wconf 90' lang='lat' dir='ltr'>dictas</span> <span class='ocrx_word' id='word_1_251' title='bbox 623 2956 747 3011; x_wconf 88' lang='lat' dir='ltr'>credam</span> <span class='ocrx_word' id='word_1_252' title='bbox 770 2964 916 3029; x_wconf 90' lang='lat' dir='ltr'>tanquam</span> <span class='ocrx_word' id='word_1_253' title='bbox 938 2950 1109 3029; x_wconf 84' lang='grc' dir='ltr'>πεντάδας.</span> <span class='ocrx_word' id='word_1_254' title='bbox 1143 2955 1304 3030; x_wconf 89' lang='lat' dir='ltr'>pontifices</span> <span class='ocrx_word' id='word_1_255' title='bbox 1320 2971 1433 3012; x_wconf 89' lang='lat' dir='ltr'>nomen</span> <span class='ocrx_word' id='word_1_256' title='bbox 1452 2955 1534 3014; x_wconf 89' lang='lat' dir='ltr'>inde</span> 
     </span>
     <span class='ocr_line' id='line_1_26' title="bbox 230 3055 1526 3132; baseline 0.003 -21"><span class='ocrx_word' id='word_1_257' title='bbox 230 3057 357 3112; x_wconf 85' lang='lat' dir='ltr'>traxisse</span> <span class='ocrx_word' id='word_1_258' title='bbox 380 3055 465 3130; x_wconf 91' lang='lat' dir='ltr'>quod</span> <span class='ocrx_word' id='word_1_259' title='bbox 487 3064 615 3130; x_wconf 90' lang='lat' dir='ltr'>pontem</span> <span class='ocrx_word' id='word_1_260' title='bbox 638 3057 684 3113; x_wconf 87' lang='lat' dir='ltr'>vel</span> <span class='ocrx_word' id='word_1_261' title='bbox 707 3066 819 3131; x_wconf 90' lang='lat' dir='ltr'>pontes</span> <span class='ocrx_word' id='word_1_262' title='bbox 843 3055 1024 3113; x_wconf 86' lang='lat' dir='ltr'>facerentin</span> <span class='ocrx_word' id='word_1_263' title='bbox 1039 3065 1146 3131; x_wconf 85' lang='lat' dir='ltr'>aperto</span> <span class='ocrx_word' id='word_1_264' title='bbox 1166 3064 1222 3125; x_wconf 87' lang='lat' dir='ltr'>est,</span> <span class='ocrx_word' id='word_1_265' title='bbox 1247 3057 1304 3114; x_wconf 92' lang='lat' dir='ltr'>sed</span> <span class='ocrx_word' id='word_1_266' title='bbox 1318 3073 1397 3132; x_wconf 88' lang='lat' dir='ltr'>pons</span> <span class='ocrx_word' id='word_1_267' title='bbox 1418 3063 1526 3115; x_wconf 88' lang='lat' dir='ltr'>utrum</span> 
     </span>
     <span class='ocr_line' id='line_1_27' title="bbox 231 3155 1527 3234; baseline 0.005 -24"><span class='ocrx_word' id='word_1_268' title='bbox 231 3155 341 3212; x_wconf 91' lang='lat' dir='ltr'>latinus</span> <span class='ocrx_word' id='word_1_269' title='bbox 364 3155 412 3213; x_wconf 92' lang='lat' dir='ltr'>ille</span> <span class='ocrx_word' id='word_1_270' title='bbox 436 3175 475 3214; x_wconf 92' lang='lat' dir='ltr'>an</span> <span class='ocrx_word' id='word_1_271' title='bbox 498 3157 575 3215; x_wconf 87' lang='lat' dir='ltr'>haec</span> <span class='ocrx_word' id='word_1_272' title='bbox 599 3159 733 3215; x_wconf 91' lang='lat' dir='ltr'>umbrica</span> <span class='ocrx_word' id='word_1_273' title='bbox 754 3157 961 3231; x_wconf 88' lang='lat' dir='ltr'>intellegenda</span> <span class='ocrx_word' id='word_1_274' title='bbox 984 3159 1106 3215; x_wconf 90' lang='lat' dir='ltr'>sitnon</span> <span class='ocrx_word' id='word_1_275' title='bbox 1129 3160 1236 3233; x_wconf 90' lang='lat' dir='ltr'>liquet,</span> <span class='ocrx_word' id='word_1_276' title='bbox 1267 3176 1366 3234; x_wconf 89' lang='lat' dir='ltr'>neque</span> <span class='ocrx_word' id='word_1_277' title='bbox 1392 3158 1527 3217; x_wconf 88' lang='lat' dir='ltr'>umbrici</span> 
     </span>
     <span class='ocr_line' id='line_1_28' title="bbox 231 3248 1530 3336; baseline 0.006 -25"><span class='ocrx_word' id='word_1_278' title='bbox 231 3257 372 3313; x_wconf 90' lang='lat' dir='ltr'>vocabuli</span> <span class='ocrx_word' id='word_1_279' title='bbox 394 3258 556 3331; x_wconf 90' lang='lat' dir='ltr'>originatio</span> <span class='ocrx_word' id='word_1_280' title='bbox 579 3276 618 3315; x_wconf 94' lang='lat' dir='ltr'>eo</span> <span class='ocrx_word' id='word_1_281' title='bbox 640 3248 774 3333; x_wconf 85' lang='lat' dir='ltr'>arguitur</span> <span class='ocrx_word' id='word_1_282' title='bbox 796 3275 866 3316; x_wconf 88' lang='lat' dir='ltr'>esse</span> <span class='ocrx_word' id='word_1_283' title='bbox 890 3258 966 3316; x_wconf 89' lang='lat' dir='ltr'>falsa</span> <span class='ocrx_word' id='word_1_284' title='bbox 989 3261 1072 3333; x_wconf 92' lang='lat' dir='ltr'>quod</span> <span class='ocrx_word' id='word_1_285' title='bbox 1094 3260 1196 3317; x_wconf 90' lang='lat' dir='ltr'>Latini</span> <span class='ocrx_word' id='word_1_286' title='bbox 1210 3259 1362 3334; x_wconf 69' lang='lat' dir='ltr'>pontefices</span> <span class='ocrx_word' id='word_1_287' title='bbox 1381 3278 1445 3317; x_wconf 92' lang='lat' dir='ltr'>non</span> <span class='ocrx_word' id='word_1_288' title='bbox 1468 3278 1530 3336; x_wconf 92' lang='lat' dir='ltr'>po·</span> 
     </span>
     <span class='ocr_line' id='line_1_29' title="bbox 231 3360 1534 3435; baseline 0.005 -22"><span class='ocrx_word' id='word_1_289' title='bbox 231 3366 317 3414; x_wconf 88' lang='lat' dir='ltr'>tuere</span> <span class='ocrx_word' id='word_1_290' title='bbox 339 3361 497 3433; x_wconf 87' lang='lat' dir='ltr'>provenire</span> <span class='ocrx_word' id='word_1_291' title='bbox 521 3379 559 3417; x_wconf 89' lang='lat' dir='ltr'>ex</span> <span class='ocrx_word' id='word_1_292' title='bbox 583 3361 717 3434; x_wconf 84' lang='lat' dir='ltr'>quinque.</span> <span class='ocrx_word' id='word_1_293' title='bbox 757 3361 947 3435; x_wconf 89' lang='lat' dir='ltr'>participium</span> <span class='ocrx_word' id='word_1_294' title='bbox 971 3360 1065 3417; x_wconf 90' lang='lat' dir='ltr'>hicet</span> <span class='ocrx_word' id='word_1_295' title='bbox 1084 3361 1330 3418; x_wconf 83' lang='lat' dir='ltr'>infraadiectum</span> <span class='ocrx_word' id='word_1_296' title='bbox 1352 3367 1430 3417; x_wconf 71' lang='grc' dir='ltr'>ναίει·</span> <span class='ocrx_word' id='word_1_297' title='bbox 1447 3369 1534 3435; x_wconf 79' lang='lat' dir='ltr'>pun·</span> 
     </span>
     <span class='ocr_line' id='line_1_30' title="bbox 230 3460 1530 3537; baseline 0.004 -23"><span class='ocrx_word' id='word_1_298' title='bbox 230 3460 277 3525; x_wconf 81' lang='lat' dir='ltr'>tis,</span> <span class='ocrx_word' id='word_1_299' title='bbox 301 3466 384 3517; x_wconf 79' lang='lat' dir='ltr'>artur</span> <span class='ocrx_word' id='word_1_300' title='bbox 396 3466 502 3534; x_wconf 78' lang='lat' dir='ltr'>punies</span> <span class='ocrx_word' id='word_1_301' title='bbox 523 3480 562 3519; x_wconf 92' lang='lat' dir='ltr'>ne</span> <span class='ocrx_word' id='word_1_302' title='bbox 585 3479 848 3536; x_wconf 89' lang='lat' dir='ltr'>supervacaneum</span> <span class='ocrx_word' id='word_1_303' title='bbox 869 3472 969 3536; x_wconf 84' lang='lat' dir='ltr'>putes,</span> <span class='ocrx_word' id='word_1_304' title='bbox 992 3479 1176 3537; x_wconf 83' lang='lat' dir='ltr'>consurgere</span> <span class='ocrx_word' id='word_1_305' title='bbox 1198 3462 1306 3520; x_wconf 87' lang='lat' dir='ltr'>fratres</span> <span class='ocrx_word' id='word_1_306' title='bbox 1326 3461 1474 3518; x_wconf 90' lang='lat' dir='ltr'>iubentur</span> <span class='ocrx_word' id='word_1_307' title='bbox 1495 3469 1530 3519; x_wconf 88' lang='lat' dir='ltr'>et</span> 
     </span>
     <span class='ocr_line' id='line_1_31' title="bbox 231 3560 1531 3638; baseline 0.002 -22"><span class='ocrx_word' id='word_1_308' title='bbox 231 3568 264 3618; x_wconf 90' lang='lat' dir='ltr'>ut</span> <span class='ocrx_word' id='word_1_309' title='bbox 285 3562 464 3636; x_wconf 90' lang='lat' dir='ltr'>magistrum</span> <span class='ocrx_word' id='word_1_310' title='bbox 487 3563 650 3636; x_wconf 87' lang='lat' dir='ltr'>designent</span> <span class='ocrx_word' id='word_1_311' title='bbox 674 3572 705 3619; x_wconf 91' lang='lat' dir='ltr'>et</span> <span class='ocrx_word' id='word_1_312' title='bbox 720 3562 853 3619; x_wconf 90' lang='lat' dir='ltr'>hostiam</span> <span class='ocrx_word' id='word_1_313' title='bbox 868 3573 901 3618; x_wconf 92' lang='lat' dir='ltr'>ut</span> <span class='ocrx_word' id='word_1_314' title='bbox 915 3563 1031 3637; x_wconf 86' lang='lat' dir='ltr'>eligant</span> <span class='ocrx_word' id='word_1_315' title='bbox 1049 3581 1085 3619; x_wconf 88' lang='lat' dir='ltr'>ac</span> <span class='ocrx_word' id='word_1_316' title='bbox 1102 3563 1242 3638; x_wconf 90' lang='lat' dir='ltr'>probent.</span> <span class='ocrx_word' id='word_1_317' title='bbox 1277 3561 1382 3618; x_wconf 90' lang='lat' dir='ltr'>Velius</span> <span class='ocrx_word' id='word_1_318' title='bbox 1397 3560 1531 3636; x_wconf 88' lang='lat' dir='ltr'>Longus</span> 
     </span>
     <span class='ocr_line' id='line_1_32' title="bbox 150 3658 1532 3740; baseline 0 -22"><span class='ocrx_word' id='word_1_319' title='bbox 150 3669 154 3675; x_wconf 89' lang='lat'>&#39;</span> <span class='ocrx_word' id='word_1_320' title='bbox 230 3658 324 3736; x_wconf 88' lang='lat' dir='ltr'>(Keili</span> <span class='ocrx_word' id='word_1_321' title='bbox 346 3676 440 3736; x_wconf 87' lang='lat' dir='ltr'>gram.</span> <span class='ocrx_word' id='word_1_322' title='bbox 465 3663 535 3737; x_wconf 90' lang='lat' dir='ltr'>VII)</span> <span class='ocrx_word' id='word_1_323' title='bbox 558 3681 588 3738; x_wconf 91' lang='lat' dir='ltr'>p.</span> <span class='ocrx_word' id='word_1_324' title='bbox 603 3666 651 3731; x_wconf 84' lang='lat'>74,</span> <span class='ocrx_word' id='word_1_325' title='bbox 667 3665 704 3722; x_wconf 90' lang='grc'>18</span> <span class='ocrx_word' id='word_1_326' title='bbox 726 3663 807 3719; x_wconf 84' lang='lat' dir='ltr'>orr&#39;rz‘</span> <span class='ocrx_word' id='word_1_327' title='bbox 827 3664 908 3736; x_wconf 82' lang='lat' dir='ltr'>opud</span> <span class='ocrx_word' id='word_1_328' title='bbox 925 3664 1058 3737; x_wconf 77' lang='lat' dir='ltr'>antiquos</span> <span class='ocrx_word' id='word_1_329' title='bbox 1079 3681 1202 3737; x_wconf 82' lang='lat' dir='ltr'>surgere</span> <span class='ocrx_word' id='word_1_330' title='bbox 1214 3661 1391 3740; x_wconf 81' lang='lat' dir='ltr'>frequenter</span> <span class='ocrx_word' id='word_1_331' title='bbox 1409 3661 1532 3737; x_wconf 76' lang='lat' dir='ltr'>signifi·</span> 
     </span>
     <span class='ocr_line' id='line_1_33' title="bbox 230 3760 1535 3838; baseline 0.004 -21"><span class='ocrx_word' id='word_1_332' title='bbox 230 3760 317 3818; x_wconf 79' lang='lat' dir='ltr'>rabat</span> <span class='ocrx_word' id='word_1_333' title='bbox 336 3769 369 3818; x_wconf 79' lang='lat' dir='ltr'>ut</span> <span class='ocrx_word' id='word_1_334' title='bbox 388 3769 510 3838; x_wconf 83' lang='lat' dir='ltr'>apparel</span> <span class='ocrx_word' id='word_1_335' title='bbox 529 3782 570 3820; x_wconf 86' lang='lat' dir='ltr'>ex</span> <span class='ocrx_word' id='word_1_336' title='bbox 591 3782 620 3821; x_wconf 86' lang='lat' dir='ltr'>eo</span> <span class='ocrx_word' id='word_1_337' title='bbox 640 3765 717 3838; x_wconf 87' lang='lat' dir='ltr'>quod</span> <span class='ocrx_word' id='word_1_338' title='bbox 737 3764 867 3820; x_wconf 79' lang='lat' dir='ltr'>dr&#39;cr&#39;tur:</span> <span class='ocrx_word' id='word_1_339' title='bbox 894 3765 990 3820; x_wconf 84' lang='lat' dir='ltr'>oriens</span> <span class='ocrx_word' id='word_1_340' title='bbox 1010 3764 1109 3821; x_wconf 85' lang='lat' dir='ltr'>consul</span> <span class='ocrx_word' id='word_1_341' title='bbox 1129 3765 1301 3838; x_wconf 80' lang='lat' dir='ltr'>magistrum</span> <span class='ocrx_word' id='word_1_342' title='bbox 1319 3762 1430 3836; x_wconf 80' lang='lat' dir='ltr'>populi</span> <span class='ocrx_word' id='word_1_343' title='bbox 1443 3764 1535 3828; x_wconf 70' lang='lat' dir='ltr'>ab&#39;cat.</span> 
     </span>
     <span class='ocr_line' id='line_1_34' title="bbox 230 3864 519 3938; baseline 0 -20"><span class='ocrx_word' id='word_1_344' title='bbox 230 3864 310 3936; x_wconf 84' lang='lat' dir='ltr'>quod</span> <span class='ocrx_word' id='word_1_345' title='bbox 329 3869 369 3919; x_wconf 82' lang='lat' dir='ltr'>ert</span> <span class='ocrx_word' id='word_1_346' title='bbox 386 3882 519 3938; x_wconf 85' lang='lat' dir='ltr'>surgens.</span> 
     </span>
    </p>

    <p class='ocr_par' dir='ltr' id='par_1_5' title="bbox 231 3964 1599 4340">
     <span class='ocr_line' id='line_1_35' title="bbox 330 3964 1599 4042; baseline 0.002 -19"><span class='ocrx_word' id='word_1_347' title='bbox 330 3967 348 4023; x_wconf 85' lang='lat'>5</span> <span class='ocrx_word' id='word_1_348' title='bbox 372 3983 411 4021; x_wconf 91' lang='lat' dir='ltr'>eo</span> <span class='ocrx_word' id='word_1_349' title='bbox 433 3966 528 4021; x_wconf 92' lang='lat' dir='ltr'>modo</span> <span class='ocrx_word' id='word_1_350' title='bbox 551 3975 582 4022; x_wconf 90' lang='lat' dir='ltr'>et</span> <span class='ocrx_word' id='word_1_351' title='bbox 605 3966 712 4022; x_wconf 90' lang='lat' dir='ltr'>ordine</span> <span class='ocrx_word' id='word_1_352' title='bbox 736 3965 843 4022; x_wconf 89' lang='lat' dir='ltr'>fratres</span> <span class='ocrx_word' id='word_1_353' title='bbox 865 3964 1005 4022; x_wconf 87' lang='lat' dir='ltr'>faciunto</span> <span class='ocrx_word' id='word_1_354' title='bbox 1021 3975 1195 4040; x_wconf 89' lang='lat' dir='ltr'>praetorem</span> <span class='ocrx_word' id='word_1_355' title='bbox 1210 3983 1362 4024; x_wconf 89' lang='lat' dir='ltr'>sacrorum</span> <span class='ocrx_word' id='word_1_356' title='bbox 1384 3964 1437 4039; x_wconf 93' lang='lat' dir='ltr'>qui</span> <span class='ocrx_word' id='word_1_357' title='bbox 1459 3966 1535 4042; x_wconf 84' lang='lat' dir='ltr'>lege</span> <span class='ocrx_word' id='word_1_358' title='bbox 1593 3990 1599 4001; x_wconf 91' lang='lat'><strong>·</strong></span> 
     </span>
     <span class='ocr_line' id='line_1_36' title="bbox 231 4064 1535 4140; baseline 0.005 -20"><span class='ocrx_word' id='word_1_359' title='bbox 231 4064 351 4138; x_wconf 89' lang='lat' dir='ltr'>collegii</span> <span class='ocrx_word' id='word_1_360' title='bbox 372 4072 517 4134; x_wconf 90' lang='lat' dir='ltr'>statutus,</span> <span class='ocrx_word' id='word_1_361' title='bbox 538 4084 623 4122; x_wconf 91' lang='lat' dir='ltr'>more</span> <span class='ocrx_word' id='word_1_362' title='bbox 646 4074 787 4140; x_wconf 88' lang='lat' dir='ltr'>receptus</span> <span class='ocrx_word' id='word_1_363' title='bbox 811 4066 883 4122; x_wconf 88' lang='lat' dir='ltr'>erit:</span> <span class='ocrx_word' id='word_1_364' title='bbox 906 4064 985 4122; x_wconf 89' lang='lat' dir='ltr'>haec</span> <span class='ocrx_word' id='word_1_365' title='bbox 1001 4067 1082 4122; x_wconf 89' lang='lat' dir='ltr'>clara</span> <span class='ocrx_word' id='word_1_366' title='bbox 1097 4075 1146 4124; x_wconf 89' lang='lat' dir='ltr'>cst</span> <span class='ocrx_word' id='word_1_367' title='bbox 1162 4068 1279 4124; x_wconf 91' lang='lat' dir='ltr'>relativi</span> <span class='ocrx_word' id='word_1_368' title='bbox 1295 4067 1445 4123; x_wconf 88' lang='lat' dir='ltr'>enuntiati</span> <span class='ocrx_word' id='word_1_369' title='bbox 1458 4082 1535 4126; x_wconf 84' lang='lat' dir='ltr'>sen·</span> 
     </span>
     <span class='ocr_line' id='line_1_37' title="bbox 232 4164 1535 4242; baseline 0.004 -20"><span class='ocrx_word' id='word_1_370' title='bbox 232 4167 337 4232; x_wconf 89' lang='lat' dir='ltr'>tentia,</span> <span class='ocrx_word' id='word_1_371' title='bbox 359 4165 428 4239; x_wconf 93' lang='lat' dir='ltr'>plus</span> <span class='ocrx_word' id='word_1_372' title='bbox 452 4164 547 4222; x_wconf 91' lang='lat' dir='ltr'>habet</span> <span class='ocrx_word' id='word_1_373' title='bbox 570 4165 772 4222; x_wconf 90' lang='lat' dir='ltr'>dubitationis</span> <span class='ocrx_word' id='word_1_374' title='bbox 795 4168 957 4223; x_wconf 89' lang='lat' dir='ltr'>verborum</span> <span class='ocrx_word' id='word_1_375' title='bbox 980 4176 1143 4226; x_wconf 89' lang='lat' dir='ltr'>structura.</span> <span class='ocrx_word' id='word_1_376' title='bbox 1188 4186 1297 4224; x_wconf 84' lang='lat' dir='ltr'>merrus</span> <span class='ocrx_word' id='word_1_377' title='bbox 1318 4166 1401 4223; x_wconf 88' lang='lat' dir='ltr'>enim</span> <span class='ocrx_word' id='word_1_378' title='bbox 1422 4175 1535 4242; x_wconf 81' lang='lat' dir='ltr'>potest</span> 
     </span>
     <span class='ocr_line' id='line_1_38' title="bbox 231 4267 1537 4340; baseline 0.005 -18"><span class='ocrx_word' id='word_1_379' title='bbox 231 4267 331 4323; x_wconf 90' lang='lat' dir='ltr'>neutri</span> <span class='ocrx_word' id='word_1_380' title='bbox 352 4267 473 4340; x_wconf 89' lang='lat' dir='ltr'>generis</span> <span class='ocrx_word' id='word_1_381' title='bbox 496 4284 609 4323; x_wconf 88' lang='lat' dir='ltr'>nomen</span> <span class='ocrx_word' id='word_1_382' title='bbox 632 4283 702 4322; x_wconf 88' lang='lat' dir='ltr'>esse</span> <span class='ocrx_word' id='word_1_383' title='bbox 723 4274 757 4322; x_wconf 92' lang='lat' dir='ltr'>ut</span> <span class='ocrx_word' id='word_1_384' title='bbox 778 4285 853 4335; x_wconf 87' lang='lat' dir='ltr'>erus,</span> <span class='ocrx_word' id='word_1_385' title='bbox 875 4286 984 4323; x_wconf 82' lang='lat' dir='ltr'>merrus</span> <span class='ocrx_word' id='word_1_386' title='bbox 1006 4270 1048 4326; x_wconf 94' lang='lat' dir='ltr'>ad</span> <span class='ocrx_word' id='word_1_387' title='bbox 1071 4287 1205 4325; x_wconf 76' lang='lat' dir='ltr'>mersura</span> <span class='ocrx_word' id='word_1_388' title='bbox 1222 4287 1250 4328; x_wconf 90' lang='grc' dir='ltr'>ν.</span> <span class='ocrx_word' id='word_1_389' title='bbox 1264 4272 1300 4327; x_wconf 92' lang='grc'>11</span> <span class='ocrx_word' id='word_1_390' title='bbox 1325 4268 1369 4325; x_wconf 86' lang='lat' dir='ltr'>sic</span> <span class='ocrx_word' id='word_1_391' title='bbox 1391 4276 1427 4324; x_wconf 94' lang='lat' dir='ltr'>ut</span> <span class='ocrx_word' id='word_1_392' title='bbox 1448 4274 1537 4327; x_wconf 75' lang='lat' dir='ltr'>lenus</span> 
     </span>
    </p>
   </div>
   <div class='ocr_carea' id='block_1_4' title="bbox 228 4367 1640 4444">
    <p class='ocr_par' dir='ltr' id='par_1_6' title="bbox 228 4367 1640 4444">
     <span class='ocr_line' id='line_1_39' title="bbox 228 4367 1640 4444; baseline 0.006 -20"><span class='ocrx_word' id='word_1_393' title='bbox 228 4386 321 4442; x_wconf 86' lang='lat' dir='ltr'>genus</span> <span class='ocrx_word' id='word_1_394' title='bbox 342 4369 385 4425; x_wconf 90' lang='lat' dir='ltr'>ad</span> <span class='ocrx_word' id='word_1_395' title='bbox 405 4367 541 4424; x_wconf 77' lang='lat' dir='ltr'>contimra</span> <span class='ocrx_word' id='word_1_396' title='bbox 565 4368 710 4441; x_wconf 83' lang='lat' dir='ltr'>ingenua,</span> <span class='ocrx_word' id='word_1_397' title='bbox 743 4375 808 4424; x_wconf 91' lang='lat' dir='ltr'>tum</span> <span class='ocrx_word' id='word_1_398' title='bbox 832 4369 1066 4443; x_wconf 85' lang='lat' dir='ltr'>expeditissime</span> <span class='ocrx_word' id='word_1_399' title='bbox 1095 4370 1187 4426; x_wconf 90' lang='lat' dir='ltr'>verba</span> <span class='ocrx_word' id='word_1_400' title='bbox 1218 4371 1327 4427; x_wconf 86' lang='lat' dir='ltr'>ordine</span> <span class='ocrx_word' id='word_1_401' title='bbox 1355 4370 1536 4444; x_wconf 88' lang='lat' dir='ltr'>procedunt</span> <span class='ocrx_word' id='word_1_402' title='bbox 1635 4420 1640 4431; x_wconf 93' lang='lat'>.</span> 
     </span>
    </p>
   </div>
   <div class='ocr_carea' id='block_1_5' title="bbox 231 4468 1536 4755">
    <p class='ocr_par' dir='ltr' id='par_1_7' title="bbox 231 4468 1536 4755">
     <span class='ocr_line' id='line_1_40' title="bbox 231 4468 1531 4548; baseline 0.003 -23"><span class='ocrx_word' id='word_1_403' title='bbox 231 4471 311 4543; x_wconf 84' lang='lat' dir='ltr'>quod</span> <span class='ocrx_word' id='word_1_404' title='bbox 319 4468 459 4547; x_wconf 80' lang='lat' dir='ltr'>fratrum</span> <span class='ocrx_word' id='word_1_405' title='bbox 482 4470 642 4525; x_wconf 75' lang='lat' dir='ltr'>institutum</span> <span class='ocrx_word' id='word_1_406' title='bbox 667 4469 725 4525; x_wconf 80' lang='lat' dir='ltr'>erit</span> <span class='ocrx_word' id='word_1_407' title='bbox 745 4470 876 4544; x_wconf 80' lang='lat' dir='ltr'>conlegio</span> <span class='ocrx_word' id='word_1_408' title='bbox 899 4479 953 4527; x_wconf 94' lang='lat' dir='ltr'>aut</span> <span class='ocrx_word' id='word_1_409' title='bbox 976 4472 1006 4526; x_wconf 84' lang='lat' dir='ltr'>in</span> <span class='ocrx_word' id='word_1_410' title='bbox 1030 4471 1169 4545; x_wconf 82' lang='lat' dir='ltr'>conlegio.</span> <span class='ocrx_word' id='word_1_411' title='bbox 1217 4488 1346 4545; x_wconf 89' lang='lat' dir='ltr'>eamque</span> <span class='ocrx_word' id='word_1_412' title='bbox 1375 4471 1531 4548; x_wconf 88' lang='lat' dir='ltr'>interpre-</span> 
     </span>
     <span class='ocr_line' id='line_1_41' title="bbox 231 4570 1536 4645; baseline 0.007 -21"><span class='ocrx_word' id='word_1_413' title='bbox 231 4570 379 4626; x_wconf 89' lang='lat' dir='ltr'>tationem</span> <span class='ocrx_word' id='word_1_414' title='bbox 402 4570 560 4626; x_wconf 90' lang='lat' dir='ltr'>adiuvabit</span> <span class='ocrx_word' id='word_1_415' title='bbox 580 4571 740 4626; x_wconf 88' lang='lat' dir='ltr'>latinarum</span> <span class='ocrx_word' id='word_1_416' title='bbox 764 4570 929 4628; x_wconf 89' lang='lat' dir='ltr'>similitudo</span> <span class='ocrx_word' id='word_1_417' title='bbox 954 4571 1149 4629; x_wconf 86' lang='lat' dir='ltr'>formularum</span> <span class='ocrx_word' id='word_1_418' title='bbox 1182 4574 1288 4630; x_wconf 91' lang='lat' dir='ltr'>talium</span> <span class='ocrx_word' id='word_1_419' title='bbox 1315 4572 1371 4645; x_wconf 80' lang='lat' dir='ltr'>qui</span> <span class='ocrx_word' id='word_1_420' title='bbox 1389 4589 1536 4633; x_wconf 77' lang='lat' dir='ltr'>numerus</span> 
     </span>
     <span class='ocr_line' id='line_1_42' title="bbox 232 4668 1535 4755; baseline 0.009 -29"><span class='ocrx_word' id='word_1_421' title='bbox 232 4671 342 4745; x_wconf 81' lang='lat' dir='ltr'>collegi</span> <span class='ocrx_word' id='word_1_422' title='bbox 351 4668 454 4745; x_wconf 78' lang='lat' dir='ltr'>suerit</span> <span class='ocrx_word' id='word_1_423' title='bbox 483 4669 572 4745; x_wconf 89' lang='lat' dir='ltr'>(legis</span> <span class='ocrx_word' id='word_1_424' title='bbox 593 4670 660 4729; x_wconf 88' lang='lat' dir='ltr'>coll.</span> <span class='ocrx_word' id='word_1_425' title='bbox 684 4670 834 4728; x_wconf 88' lang='lat' dir='ltr'>Lanuvini</span> <span class='ocrx_word' id='word_1_426' title='bbox 864 4672 956 4745; x_wconf 83' lang='lat'>1116,</span> <span class='ocrx_word' id='word_1_427' title='bbox 992 4673 1099 4730; x_wconf 89' lang='lat' dir='ltr'>Brunsi</span> <span class='ocrx_word' id='word_1_428' title='bbox 1121 4673 1251 4730; x_wconf 86' lang='lat' dir='ltr'>fontium</span> <span class='ocrx_word' id='word_1_429' title='bbox 1274 4673 1346 4728; x_wconf 86' lang='lat' dir='ltr'>iuris</span> <span class='ocrx_word' id='word_1_430' title='bbox 1367 4691 1398 4748; x_wconf 91' lang='lat' dir='ltr'>p.</span> <span class='ocrx_word' id='word_1_431' title='bbox 1417 4670 1535 4755; x_wconf 73' lang='lat'>284⁴).</span> 
     </span>
    </p>
   </div>
   <div class='ocr_carea' id='block_1_6' title="bbox 0 0 1879 5364">
    <p class='ocr_par' dir='ltr' id='par_1_8' title="bbox 0 0 1879 5364">
     <span class='ocr_line' id='line_1_43' title="bbox 0 0 1879 5364; baseline 0 0"><span class='ocrx_word' id='word_1_432' title='bbox 0 0 1879 5364; x_wconf 95' lang='lat' dir='ltr'> </span> 
     </span>
    </p>
   </div>
  </div>
 </body>
</html>
