3742 5364
236 336 347 397 vlns5
364 337 446 398 1322
860 342 920 398 104

236 519 355 582 etaias
380 518 638 600 enoprinvatur
661 511 858 582 simoetuto
912 534 992 583 eant.
1043 536 1107 583 tum
1140 529 1291 603 prinovati
1326 538 1407 587 retro
1445 541 1549 589 eunto

237 621 371 683 erafont
391 621 456 692 via,
482 640 569 701 pora
592 622 733 681 beuuscr.
757 618 769 702 ll
913 628 1024 683 eadem
1048 630 1104 694 via,
1129 648 1191 702 qua
1215 640 1338 688 ventum
1360 627 1469 710 eritzvll

236 831 399 887 formatum
433 840 480 886 est
503 840 536 886 ut
550 829 622 907 fus!
641 831 670 886 in
694 836 756 885 -ust
776 830 805 885 in
831 828 932 887 futuro
956 832 1061 891 altero,
1107 832 1185 889 forte
1220 835 1440 894 reminiscebar
1470 838 1560 897 lati·.

236 950 306 988 nam
330 933 514 989 locutionem
537 933 577 988 de
600 949 660 1004 qua
682 940 827 1004 optumus
850 933 984 987 omnium
1008 943 1154 1006 patronus
1178 952 1246 991 cum
1272 936 1307 994 L.
1332 936 1461 995 Balbum
1485 940 1547 995 de-

237 1032 376 1089 fenderet
399 1034 527 1089 verbose
556 1031 699 1105 vafroque
731 1033 821 1089 dixit:
856 1031 969 1089 fundus
1001 1034 1132 1108 populus
1168 1036 1200 1091 fit
1235 1055 1303 1092 cum
1332 1038 1378 1094 ius
1401 1039 1545 1097 alienum

236 1150 291 1189 sua
314 1135 467 1189 sententia
490 1133 661 1206 conprobat
691 1132 736 1188 vel
771 1134 869 1206 legem
902 1152 962 1208 qua
994 1135 1126 1192 Romani
1159 1145 1301 1193 tenentur
1331 1139 1467 1195 eandem
1491 1140 1546 1197 ille

236 1236 346 1292 sciscit.
370 1234 481 1291 Paulus
505 1235 538 1291 F.
556 1253 582 1306 p.
600 1236 639 1291 89
655 1231 775 1308 fundus
798 1235 905 1289 dr'cr'lrrr
921 1237 1050 1308 populus
1074 1255 1131 1292 esse
1152 1239 1200 1292 νεῖ
1222 1256 1308 1310 quam
1332 1240 1449 1295 alienat
1469 1236 1544 1313 (de-

236 1339 299 1394 buit
322 1338 453 1393 scribere
473 1354 559 1409 quam
583 1334 710 1407 asciscit)
733 1335 785 1390 hoc
808 1342 847 1390 est
868 1343 977 1395 auctor.
1024 1336 1133 1394 Cicero
1157 1339 1174 1396 l.
1189 1357 1212 1398 s.
1235 1334 1311 1414 §20
1334 1348 1365 1416 et
1387 1343 1485 1397 ceteri
1509 1342 1546 1399 id

235 1440 416 1496 vocabulum
440 1437 569 1493 miscent
593 1455 661 1492 cum
685 1435 781 1492 fundo
804 1434 948 1511 πυθμένι,
971 1439 1188 1513 nescioquam
1211 1450 1304 1499 recte.
1334 1442 1544 1515 nequeenim

236 1541 410 1615 principalis
435 1548 543 1596 auctor
565 1555 602 1593 eo
627 1547 753 1594 vocatur
775 1539 832 1593 sed
856 1556 999 1594 assensor
1033 1541 1222 1615 subscriptor
1259 1551 1406 1616 acceptor
1440 1536 1543 1619 (Gell.

236 1643 310 1701 XIX
333 1644 414 1716 8,12
438 1638 536 1696 Plaut.
555 1639 639 1697 Trin.
655 1635 759 1712 1123),
783 1640 807 1694 is
833 1639 943 1696 fundus
967 1640 1030 1697 fieri
1054 1643 1164 1698 (licitur
1186 1654 1330 1700 nontam
1353 1644 1429 1717 legis
1446 1662 1544 1718 quarn

236 1744 304 1817 legi,
329 1743 358 1797 in
381 1743 489 1814 legem,
514 1742 553 1796 de
577 1741 655 1813 lege,
683 1741 817 1813 denique
841 1743 1006 1815 municipia
1030 1743 1166 1800 fundana
1190 1741 1278 1818 (legis
1302 1745 1399 1802 Iuliae
1423 1747 1541 1803 munic.

235 1862 260 1900 v.
276 1837 349 1919 159)
374 1861 433 1915 quo
456 1844 550 1898 modo
575 1850 743 1916 potuerunt
766 1842 804 1898 ab
828 1843 886 1898 isto
911 1842 1006 1899 londo
1031 1842 1243 1903 denominari?
1266 1847 1338 1903 mihi
1361 1850 1542 1921 separanda

235 1946 358 2000 nomina
381 1945 531 2008 videntur,
570 1941 628 1997 hoc
651 1945 900 2016 componendum
925 1962 993 2000 curn
1019 1946 1080 2001 fide
1102 1955 1133 2002 et
1157 1945 1282 2002 foedere
1305 1942 1414 2022 (germ.
1432 1941 1540 2025 hund).

235 2046 402 2101 umbricam
425 2061 495 2098 vero
519 2043 698 2116 particulam
721 2060 758 2097 ex
781 2043 874 2117 stirpe
898 2046 1037 2101 extitisse
1064 2046 1266 2120 pronominali
1290 2056 1541 2105 consentaneum

233 2154 290 2214 est,
315 2145 410 2219 qualis
434 2145 472 2199 ab
488 2143 519 2221 f
536 2144 698 2199 exordiens
722 2144 804 2198 nulla
823 2145 884 2201 iam
901 2155 1038 2219 apparet,
1063 2147 1101 2202 ab
1117 2147 1135 2201 lr
1152 2147 1182 2202 in
1198 2149 1249 2204 lat.
1265 2147 1318 2203 hoc
1340 2147 1540 2207 italhontra.

233 2264 295 2302 non
319 2248 444 2302 domurn
468 2246 659 2301 dimittuntur
680 2255 840 2302 senatores
865 2246 904 2303 illi
930 2248 976 2303 vel
1009 2249 1110 2321 legati,
1145 2250 1168 2304 si
1192 2249 1318 2322 quidem
1341 2267 1460 2306 rursum
1482 2267 1542 2323 ap-

233 2359 342 2422 parent
366 2349 395 2402 in
412 2347 678 2403 consummatione
696 2347 835 2402 sacrificii
851 2345 912 2402 VH
925 2347 952 2402 A
964 2350 1003 2406 46
1028 2367 1128 2421 neque
1144 2359 1191 2405 est
1207 2351 1375 2423 quidquam
1391 2368 1444 2407 cur
1460 2350 1542 2408 alios

233 2467 302 2505 esse
318 2448 490 2526 prinnatuf
505 2447 560 2503 hos
584 2457 675 2520 atque
696 2447 762 2503 illos
785 2456 914 2515 statuas,
940 2466 1041 2504 verum
1064 2432 1135 2505 irino
1154 2458 1237 2517 eunt,
1261 2451 1292 2506 id
1314 2460 1361 2507 est
1378 2452 1450 2524 quia
1473 2459 1540 2507 ter-

232 2552 329 2606 minus
353 2551 394 2605 ad
411 2566 502 2622 quem
526 2565 622 2621 usqne
645 2559 859 2622 processerant
883 2551 1024 2622 regiones
1041 2552 1188 2624 disiungit
1210 2551 1383 2607 ulteriorem
1406 2559 1439 2606 et
1461 2551 1542 2608 cite-

233 2653 355 2719 riorem,
379 2653 408 2706 in
432 2661 551 2724 partem
574 2652 707 2707 citimam
730 2651 768 2705 ab
793 2651 842 2706 illo
866 2653 995 2707 termino
1025 2654 1088 2708 sive
1115 2654 1285 2727 proximam
1304 2654 1333 2708 ei
1358 2651 1426 2708 loco
1450 2654 1542 2710 unde

233 2755 378 2810 exierant.
423 2754 493 2808 rimo
517 2753 699 2826 superlativo
725 2754 822 2825 gradu
848 2753 950 2809 Vmbri
976 2753 1146 2810 efferebant
1170 2763 1202 2809 ut
1223 2772 1295 2810 some
1327 2760 1358 2808 et
1379 2752 1540 2824 londonen,

232 2863 264 2909 ut
289 2853 361 2910 Osci
382 2864 510 2928 parmam
538 2854 588 2912 lat.
605 2861 794 2927 postremam.
840 2854 942 2910 Latini
970 2856 1116 2910 adverbia
1149 2856 1187 2911 ab
1220 2856 1329 2910 eadem
1358 2854 1453 2928 stirpe
1480 2872 1542 2928 per

234 2957 474 3028 comparativum
497 2956 673 3011 derivarunt
694 2957 772 3011 ultro
796 2957 924 3028 citroque
947 2974 1110 3022 cornmeare,
1143 2957 1200 3011 tela
1224 2955 1296 3010 citra
1319 2954 1470 3028 cadebani,
1495 2958 1542 3012 cis

236 3053 359 3110 Tiberim
383 3057 489 3114 redire.
534 3057 618 3128 paria
642 3073 714 3112 casu
740 3057 809 3110 cz'nro
835 3065 866 3110 et
889 3057 967 3122 citra
990 3043 1063 3112 iram
1087 3065 1116 3112 et
1139 3057 1187 3112 ulo
1210 3048 1312 3130 (illuc).

332 3156 460 3212 VllAl
504 3158 647 3230 quoniam
671 3158 864 3212 continuatur
896 3156 955 3213 hoc
990 3175 1061 3214 aere
1085 3158 1251 3231 descriptio
1275 3158 1353 3213 sacri
1384 3156 1538 3215 incohata

232 3257 260 3312 in
285 3258 391 3325 altero,
427 3275 488 3331 quo
512 3259 621 3314 clarius
645 3275 752 3314 omnes
777 3258 990 3330 intellegerent
1023 3276 1083 3331 qno
1113 3260 1207 3314 modo
1240 3259 1374 3314 tabulam
1409 3257 1540 3316 tabulae

232 3368 449 3431 coagmentare
473 3359 632 3425 deberent,
656 3368 829 3432 postremus
854 3359 931 3414 aeris
955 3358 999 3414 VI
1023 3378 1126 3416 versus
1150 3368 1231 3416 totus
1254 3359 1408 3433 repetitus
1433 3367 1482 3415 est
1505 3360 1539 3416 in

232 3472 304 3515 aere
326 3459 392 3518 Vll.
438 3470 501 3516 tum
525 3468 670 3516 secuntur
694 3460 898 3515 caerimoniae
930 3468 993 3516 tam
1017 3461 1129 3516 similes
1164 3462 1207 3516 eis
1230 3460 1337 3534 quibus
1361 3478 1467 3516 arcem
1488 3460 1539 3534 pi·

232 3569 318 3617 antes
341 3561 457 3635 iguvini
480 3571 612 3628 utuntur,
635 3570 668 3616 ut
691 3561 755 3616 illas
771 3569 936 3634 postquam
952 3561 1179 3634 explicavimus,
1204 3563 1243 3616 de
1260 3561 1305 3616 his
1321 3578 1422 3634 pauca
1439 3546 1539 3617 v'erba

231 3663 390 3721 sufficiant.
424 3663 544 3719 hostiae
560 3663 640 3717 enim
657 3670 748 3718 antea
765 3661 875 3717 circum
891 3671 979 3718 actae
992 3663 1052 3718 iam
1062 3671 1234 3718 mactantur
1249 3662 1341 3717 tribus
1359 3659 1433 3716 locis
1449 3677 1537 3733 quae

232 3764 262 3818 in
286 3764 450 3838 Aquilonia
475 3763 567 3819 luisse
590 3771 665 3836 puto
689 3762 800 3817 circum
824 3762 856 3818 id
879 3764 1009 3836 spatium
1025 3764 1108 3836 quod
1128 3763 1256 3836 populus
1280 3761 1455 3818 lustrandus
1478 3762 1540 3817 ob·

231 3863 316 3921 tinet.
354 3865 481 3938 primum
497 3862 638 3940 fondlr're
660 3864 797 3920 immolat
819 3865 964 3919 sacerdos
988 3881 1079 3938 quem
1102 3864 1282 3918 redeuntem
1305 3863 1346 3917 ad
1368 3861 1538 3919 terminum

231 3966 359 4021 vidimus
383 3984 419 4021 ex
444 3967 578 4032 circuitu,
603 3967 645 4022 ita
669 3974 702 4021 ut
725 3983 807 4021 nunc
831 3966 869 4021 ab
891 3965 1002 4020 ultimis
1027 3965 1128 4019 venire
1152 3964 1192 4018 ad
1216 3964 1356 4019 citeriora
1378 3962 1535 4033 videatur,

231 4076 295 4122 tum
310 4067 430 4132 rubine,
454 4075 641 4141 postremum
665 4066 849 4144 trassalrate.
886 4076 957 4122 exta
973 4074 1076 4122 tamen
1098 4065 1194 4120 tribus
1210 4063 1255 4119 his
1278 4064 1351 4119 locis
1373 4080 1435 4119 uno
1453 4072 1539 4123 tem·

229 4185 305 4240 pore
329 4170 440 4224 dantur
463 4170 595 4224 eandem
618 4168 657 4223 ob
675 4186 800 4224 causam
816 4177 850 4224 ut
870 4168 988 4241 opinor,
1013 4168 1052 4222 ob
1072 4184 1164 4238 quam
1180 4165 1291 4221 Graeci
1308 4181 1399 4219 unam
1421 4164 1539 4222 distra-

231 4277 339 4324 xerunt
372 4270 504 4325 hostiam
536 4287 603 4325 cum
628 4270 789 4325 lustrarent
814 4270 981 4325 exercitum
1007 4277 1038 4323 et
1061 4269 1099 4322 ab
1127 4277 1254 4340 utraque
1277 4275 1364 4338 parte
1386 4263 1538 4323 militibus

230 4369 438 4438 conlocarunt,
464 4372 507 4426 sic
527 4372 608 4426 enim
628 4373 784 4427 universos
802 4389 893 4426 unum
909 4387 1029 4426 sacrum
1046 4369 1122 4424 serre
1141 4378 1193 4424 aut
1208 4368 1310 4442 potius
1327 4382 1387 4420 una
1402 4365 1539 4426 circum-

230 4469 297 4524 ferri
322 4472 409 4528 scias
455 4471 558 4543 itaque
581 4470 652 4547 tras
664 4471 763 4526 saltate
784 4472 902 4544 positus
924 4473 1070 4526 sacerdos
1094 4471 1221 4542 primum
1245 4484 1321 4522 voce
1345 4467 1408 4522 sive
1431 4471 1566 4546 mavis=

230 4570 364 4627 clamore
386 4573 516 4645 imperat
539 4581 572 4627 ut
592 4580 663 4627 exta
687 4574 798 4628 dentur
812 4572 960 4650 fondere,
996 4582 1059 4628 tum
1081 4580 1246 4626 retrorsum
1270 4567 1424 4623 rubiname
1446 4568 1539 4629 idem

230 4680 263 4727 ut
285 4672 348 4740 fiat,
372 4675 412 4729 ad
436 4682 604 4730 extremum
627 4680 675 4728 tra
696 4674 828 4729 saliatem
855 4675 938 4730 idern
960 4673 1033 4728 illud
1056 4674 1192 4728 mandat.
1238 4671 1320 4726 unde
1345 4669 1537 4743 triangulam
