3742 5364
234 336 320 395 11121
852 339 912 396 158

234 514 303 597 piri
317 536 378 578 ase
402 526 554 580 autentu.
577 517 682 578 sakre
702 517 857 578 sevakue
872 542 897 579 n
912 521 999 576 aedis
1021 513 1139 596 igneml
1152 538 1223 577 arae
1244 521 1393 595 inponite.
1417 540 1546 581 sacrum

234 625 351 698 upetu.
394 617 580 698 Iuvepatre
604 615 608 698 Ι
628 638 752 699 prumu
785 637 855 679 am·
909 621 1056 678 sollemne
1078 628 1198 696 optato.
1221 620 1284 678 Iovi
1305 616 1545 700 patrilprimum

234 728 343 799 pentu
375 729 486 782 testru
518 739 596 781 sese
627 739 690 781 asa
712 717 856 781 fretrus·
908 722 1079 797 impendito
1102 721 1321 780 dextrovorsus
1343 725 1384 781 ab
1407 742 1464 791 ara
1485 744 1544 802 pro

234 839 298 900 per
319 817 323 900 1
344 816 525 893 Athesim,
558 820 712 901 ahtisper
738 819 855 881 eikva·
908 815 1218 898 fratribusIAtiediIs,
1245 839 1301 895 pro
1323 824 1418 883 sacris
1441 844 1544 902 paga-

235 920 329 994 satis,
366 930 487 1001 tutape
519 920 661 998 Iiuvina,
683 923 692 994 1
713 919 856 1002 trefiper
871 946 896 985 n
909 924 996 990 nicis,
1009 941 1065 998 pro
1078 923 1201 981 civitate
1214 923 1352 997 Iguvina,
1366 909 1443 1001 ipro
1458 928 1544 986 tribu

233 1021 376 1085 Iiuvina.
399 1019 477 1084 tislu
501 1023 645 1085 sevakni
662 1020 854 1103 teitulinu-
908 1025 1049 1100 iguvina.
1077 1023 1264 1081 dicationem
1287 1025 1470 1085 sollemnem
1493 1028 1542 1085 di·
1577 1066 1580 1070 ›

234 1122 315 1186 mek
336 1144 438 1186 uvem
461 1123 606 1186 sevakni
628 1132 743 1204 upetu.
767 1122 857 1184 Pue·
909 1120 993 1203 cito!
1013 1134 1086 1183 tunc
1098 1144 1187 1184 ovem
1212 1125 1395 1184 sollemnem
1417 1136 1542 1204 optato.

238 1327 308 1386 hinc
334 1329 451 1387 Initium
481 1331 515 1388 fit
548 1331 642 1408 ipsius
676 1331 812 1390 sacrificii
835 1333 876 1389 ad
900 1333 985 1407 quod
1007 1339 1217 1389 convocantur
1238 1332 1270 1388 in
1294 1331 1405 1389 aedem
1427 1332 1543 1392 fratres
1604 1383 1607 1387 ,

233 1432 423 1506 progressuri
448 1433 596 1508 deinceps
620 1433 701 1491 foras
724 1443 756 1490 et
780 1433 811 1489 in
834 1451 940 1507 agrum
962 1450 1031 1490 cum
1056 1433 1128 1506 igne
1152 1450 1250 1493 sacro·

334 1536 373 1591 22
398 1532 529 1591 hostiam
552 1542 584 1591 et
598 1518 689 1591 ovem
704 1553 774 1592 cum
789 1543 897 1591 auctor
913 1535 1055 1602 vovisset,
1081 1533 1190 1591 fratres
1206 1534 1366 1609 elegerunt
1382 1552 1475 1593 versu
1489 1514 1541 1599 10,

233 1635 294 1691 iam
316 1653 384 1693 cum
407 1635 438 1691 in
461 1653 498 1692 eo
521 1636 560 1693 sit
586 1644 620 1693 ut
641 1636 845 1703 immolentur,
878 1637 943 1710 ipse
976 1653 1100 1710 quoque
1131 1643 1239 1692 auctor
1269 1637 1380 1711 probat
1403 1645 1435 1694 et
1458 1645 1540 1695 tam·

234 1753 327 1810 quam
350 1753 492 1810 supremo
525 1738 639 1794 iudicio
674 1738 900 1817 recusationem
928 1755 1051 1794 omnem
1066 1724 1264 1811 ‘praecidens
1288 1756 1359 1796 arae
1385 1737 1539 1796 destinat.

234 1847 298 1894 tum
319 1838 426 1912 incipit
448 1838 605 1895 immolare
628 1847 660 1894 et
682 1838 813 1895 hostiam
835 1838 960 1912 quidem
982 1843 1070 1894 lestru
1091 1856 1149 1892 sese
1170 1855 1233 1902 are,
1266 1838 1305 1895 ab
1322 1838 1431 1894 dextra
1445 1846 1541 1914 parte

234 1957 315 1999 arae.
361 1939 441 1996 redit
464 1938 542 1997 haec
565 1939 679 1997 locutIo
702 1940 779 1997 infra
803 1939 848 1996 IV
868 1941 914 2008 15,
950 1939 1000 1996 hic
1021 1957 1132 1995 reseasa
1160 1938 1222 1996 illic
1244 1945 1393 1995 tesirusese
1414 1955 1540 1998 conexa

233 2041 356 2098 suntin
379 2058 449 2099 aere
470 2040 554 2098 nulla
577 2041 661 2099 facta
683 2049 738 2099 aut
761 2041 911 2098 levissima
934 2040 1143 2108 distinctione,
1172 2059 1236 2097 uon
1258 2040 1384 2098 adiecto
1408 2040 1540 2099 nomine

232 2150 323 2214 supru
341 2161 402 2211 sese
425 2142 534 2216 legitur
556 2141 599 2197 IV
614 2144 643 2210 3,
666 2160 738 2198 nam
761 2143 845 2217 quod
868 2141 1018 2199 adhaeret
1040 2141 1128 2198 lateri
1150 2124 1299 2197 ereiluma
1322 2141 1353 2197 iu
1372 2141 1540 2216 superiori·

232 2241 290 2298 bus
313 2244 446 2300 versibus
467 2244 652 2318 porrIciendi
668 2244 761 2300 verbo
777 2243 945 2317 adligatum
960 2250 1018 2300 est.
1061 2261 1119 2298 sese
1142 2242 1193 2300 lat.
1211 2259 1299 2300 sessu
1323 2242 1371 2299 vel
1383 2240 1538 2319 sessione,

233 2343 304 2415 quia
327 2344 419 2401 sedes
443 2346 622 2422 saepissime
645 2353 771 2402 vocatur
792 2363 847 2420 pro
870 2345 938 2403 loco
962 2363 997 2402 ae
1021 2344 1147 2420 regione
1171 2360 1261 2419 quam
1284 2342 1457 2402 habitamus
1482 2352 1539 2402 aut

234 2451 383 2514 tenemus,
407 2447 600 2504 coniunctum
622 2466 690 2505 cum
712 2447 870 2504 adiectivis
885 2449 983 2504 locum
999 2446 1152 2521 significat
1166 2446 1217 2504 ubi
1237 2445 1314 2521 quid
1338 2445 1477 2503 locatum
1497 2444 1539 2503 sit

234 2553 266 2602 et
287 2554 431 2615 moretur,
455 2566 491 2605 ac
510 2565 611 2623 paene
634 2549 664 2605 in
687 2548 866 2605 adverbium
889 2549 952 2606 abit
976 2557 1009 2605 ut
1034 2549 1085 2606 lat.
1108 2565 1211 2605 vorsus
1234 2563 1351 2629 norsum
1378 2552 1473 2602 etex
1496 2562 1538 2603 eo

234 2647 405 2721 composita
438 2649 564 2724 piurima
588 2659 716 2723 prorsus
736 2668 842 2706 rursus
864 2655 1026 2730 retrorsum
1049 2648 1214 2704 laevorsum
1236 2655 1351 2704 cetera.
1396 2645 1538 2706 similiter

232 2765 308 2803 serre
329 2748 360 2805 id
383 2758 431 2806 est
453 2749 538 2829 sedes
551 2752 649 2807 sedens
681 2751 797 2807 nomini
831 2750 1023 2807 subiunctum
1054 2749 1156 2806 estin
1189 2754 1303 2804 tremnu
1323 2766 1399 2804 serre
1419 2728 1538 2808 V1A2

234 2858 264 2904 et
287 2850 336 2918 16,
360 2868 438 2925 quae
461 2860 608 2909 nontam
631 2852 752 2908 iufixam
778 2852 809 2907 iu
836 2856 947 2907 trenrnu
980 2851 1089 2907 sedem
1112 2849 1234 2924 auguris
1257 2848 1418 2907 declarant
1439 2866 1538 2925 quam

232 2968 249 3006 a
272 2955 393 3019 tremnu,
416 2954 577 3026 eregione
600 2960 736 3021 irrmnrr,
759 2954 843 3010 iuxta
866 2970 936 3009 eum
960 2952 1159 3010 constitutam
1182 2960 1213 3008 et
1235 2968 1354 3009 versam
1375 2951 1417 3008 ad
1438 2950 1539 3011 flami·

230 3067 301 3106 nem
323 3052 428 3125 quiin
452 3053 519 3129 ipso
541 3054 647 3113 treberi.
692 3072 799 3112 carnes
835 3054 945 3110 ovillae
966 3062 1059 3127 supra
1081 3072 1138 3109 sese
1168 3053 1312 3110 altarium
1334 3053 1413 3110 deae
1435 3053 1537 3128 porri·

230 3152 358 3221 ciuntur,
382 3155 414 3211 id
437 3162 485 3212 e'st
506 3157 575 3212 loco
588 3157 744 3230 superiore
759 3155 806 3212 vel
823 3173 913 3230 supra
940 3156 987 3212 vel
1011 3163 1045 3226 ut
1061 3156 1167 3230 volgus
1191 3154 1356 3212 dictitabat
1371 3152 1539 3229 negligens

231 3253 304 3327 quid
325 3253 405 3318 inter
426 3264 540 3314 statum
563 3266 594 3313 et
614 3275 736 3315 vorsum
757 3258 930 3324 interesset,
956 3252 1071 3314 susum.
1115 3264 1147 3313 et
1170 3273 1241 3312 cum
1268 3255 1363 3313 latina
1393 3254 1541 3312 adversus

231 3355 412 3411 exadversus
431 3377 543 3431 versus,
568 3359 592 3416 si
616 3359 729 3434 excipis
753 3359 826 3416 illud
849 3375 1006 3415 ereorsurn
1035 3358 1107 3425 ead,
1144 3357 1314 3414 accedente
1345 3348 1565 3416 definiantur‘

231 3455 459 3533 vinclanturque
483 3476 555 3516 casu
579 3467 699 3534 quarto,
733 3459 837 3516 Vmbri
868 3459 909 3515 illi
938 3458 1083 3516 locutioni
1105 3466 1227 3515 sextum
1249 3457 1465 3527 adiunxerunt,
1505 3458 1540 3517 in

230 3574 303 3613 arae
317 3557 399 3614 enim
416 3561 525 3617 dextro
542 3577 637 3617 cornu
649 3561 699 3635 qui
712 3554 859 3628 imm'olat,
883 3561 1038 3617 declinare
1062 3560 1182 3616 videtur
1202 3560 1241 3616 ab
1258 3577 1309 3616 ara
1325 3561 1539 3620 dextrorsum.

231 3658 404 3716 dexteriora
427 3669 497 3718 sunt
521 3660 584 3719 fere
606 3662 732 3719 meliora
755 3680 792 3719 ac
814 3663 1018 3736 prosperIora,
1041 3661 1122 3717 nosti
1147 3660 1375 3718 dextrationem
1399 3659 1538 3719 adoran·

231 3760 305 3818 tium
328 3780 365 3818 ac
390 3761 579 3819 lustrantium
603 3763 650 3820 vel
674 3762 773 3820 Plauti
802 3763 871 3820 ioco
904 3781 961 3836 quo
984 3781 1025 3819 me
1048 3768 1162 3818 vortam
1185 3762 1277 3819 nescio
1300 3776 1330 3818 ::
1353 3761 1383 3817 si
1400 3761 1465 3817 deos
1486 3780 1536 3820 se-

230 3862 316 3928 lures,
339 3865 560 3920 dextrovorsum
583 3882 679 3920 censeo
702 3858 806 3939 <Cure
820 3861 885 3938 69),
910 3863 1097 3938 nuptialibus
1121 3861 1215 3920 sacris
1239 3862 1386 3936 coniuges
1398 3877 1462 3918 una
1476 3863 1537 3921 ad·

229 3974 303 4021 eunt
326 3983 409 4022 aram
432 3971 459 4021 ei
477 3967 613 4022 dextrum
630 3966 749 4038 perrier
771 3971 927 4021 vertuntur
950 3966 981 4020 in
1005 3964 1100 4022 orbem
1124 3961 1280 4038 (Valerius
1297 3962 1340 4021 Fl.
1353 3960 1426 4018 VIII
1441 3963 1535 4037 246),

228 4066 433 4124 dedicationis
455 4085 549 4124 causa
561 4069 674 4125 elrcum
696 4068 755 4122 itur
772 4085 824 4124 ara
848 4063 987 4128 ἐπιδέξια
1003 4064 1241 4143 (Aristophanes
1253 4064 1324 4124 Pac.
1338 4055 1423 4140 957),
1448 4064 1536 4123 deus

230 4186 285 4226 sua
307 4169 373 4243 ipse
397 4170 501 4225 dexler
523 4170 588 4226 edri
600 4170 674 4242 pede
693 4187 780 4225 sacra
802 4170 926 4224 secundo
950 4167 1041 4239 (Aen.
1067 4162 1243 4242 11111302).

330 4273 368 4330 26
393 4289 482 4328 ovem
504 4271 663 4328 immolant
687 4269 841 4340 Puemune,
864 4271 993 4327 Pomoni
1016 4271 1079 4327 slve
1104 4270 1253 4339 Pomon0,
1286 4266 1342 4324 has
1364 4265 1447 4322 euim
1471 4266 1536 4325 for·

230 4390 295 4430 mas
317 4372 357 4429 illi
380 4389 441 4447 quo
464 4373 562 4430 minus
586 4391 676 4448 pares
700 4372 908 4439 aestimemus,
940 4372 1080 4429 subiecta
1110 4370 1227 4446 primae
1260 4369 1393 4445 syllabae
1415 4368 1536 4429 vocalis

229 4490 293 4529 nou
315 4473 428 4541 obstat,
452 4473 476 4530 si
500 4475 624 4547 quidem
646 4476 677 4532 in
700 4474 789 4531 Latio
812 4473 1056 4548 antiquissimum
1080 4471 1134 4529 suit
1156 4470 1299 4529 Saeturni
1320 4485 1444 4536 nomen,
1477 4470 1536 4527 de·

230 4575 303 4631 inde
325 4574 445 4632 brevius
469 4573 600 4634 Saturni.
645 4576 676 4631 iu
698 4574 810 4633 Marsis
833 4592 939 4632 mense
962 4575 1072 4631 Florali
1104 4572 1285 4631 sacrificium
1311 4568 1418 4628 nescio
1445 4572 1537 4645 quod

229 4684 264 4734 ut
285 4675 338 4733 fiat
356 4676 493 4733 Poimonr'
511 4676 668 4752 inscriptio
692 4679 841 4753 praecipit
854 4676 1043 4734 Amiternina
1065 4671 1103 4754 (F
1105 4675 1216 4732 abretti
1230 4674 1321 4742 2737,
1344 4670 1537 4733 Mommsen·
