3742 5364
742 359 781 418 rr
803 445 808 452 ᾗ
1326 356 1418 418 vno

115 559 178 606 eso
200 541 362 604 tuderato
376 549 443 604 est:
467 539 612 621 angluto
632 539 636 619 Ι
655 538 741 600 hon·
793 545 890 600 nitum
928 552 994 602 est:
1032 544 1071 602 ab
1108 544 1223 618 angulo
1243 537 1248 621 Ι
1268 544 1330 601 imo
1367 546 1419 619 qui

116 645 231 717 domu,
265 642 386 725 porsei
414 641 561 704 nesimei
593 659 655 702 asa
683 640 742 703 de·
793 663 940 720 proxume
974 647 1013 702 ab
1047 664 1100 703 ara
1122 646 1262 703 divorum
1286 655 1343 714 est,
1378 648 1420 704 ad

113 747 196 810 Veia
218 753 280 818 est,
305 744 467 825 anglome
490 762 599 815 som0,
623 743 741 822 porsei
793 748 936 819 angulum
980 765 1129 803 summum
1173 748 1223 822 qui
1270 765 1419 822 proxume

113 846 260 910 nesimei
275 864 445 925 vapersus
466 842 654 906 aviehcleir
668 844 741 917 lest,
756 868 780 906 ιο
794 847 833 904 ab
862 849 942 905 sellis
976 848 1171 922 auguralibus
1197 846 1207 917 l
1229 857 1285 923 est,
1319 858 1351 905 et
1380 851 1419 906 ab

115 950 195 1012 eine
207 947 352 1028 angluto
366 965 465 1008 sorno
478 943 606 1027 vapefe
627 943 744 1007 avieh-
794 949 907 1023 angulo
942 967 1061 1006 summo
1092 950 1134 1006 ad
1168 950 1258 1007 sellas
1290 967 1420 1024 augura·

116 1052 172 1115 clu
218 1051 384 1112 todcome
427 1049 548 1120 tuder,
598 1045 743 1126 angluto
795 1052 837 1107 les
862 1051 903 1107 ad
936 1051 1074 1107 urbicum
1100 1051 1200 1126 finem,
1232 1051 1271 1108 ab
1305 1050 1420 1126 angulo

114 1153 294 1215 hondomu
338 1169 457 1210 asame
499 1147 623 1210 deveia
665 1147 743 1208 tod·
795 1153 856 1209 imo
892 1154 934 1209 ad
970 1170 1053 1209 aram
1089 1153 1229 1208 divorum
1265 1154 1306 1208 ad
1341 1152 1421 1208 urbi-

116 1275 217 1318 come
237 1259 242 1328 l
261 1252 373 1314 tuder.
418 1251 494 1313 eine
524 1248 658 1312 todceir
691 1258 741 1311 tu·
795 1272 864 1310 cum
884 1251 888 1326 l
908 1253 1007 1312 finem.
1036 1262 1066 1309 et
1079 1254 1189 1310 urbicis
1212 1254 1321 1310 finibus
1339 1262 1421 1309 utro·

117 1357 224 1418 derus
246 1351 494 1434 seipodruhpei
515 1350 632 1414 seritu.
653 1354 657 1426 Ι
795 1373 856 1429 que
881 1373 1003 1412 vorsum
1026 1362 1157 1414 servato
1178 1352 1182 1429 Ι

219 1567 237 1622 9
260 1563 403 1619 hondomu
434 1561 548 1628 infimo,
584 1568 617 1617 ut
646 1560 761 1616 hondro
793 1559 883 1616 butro
916 1559 1002 1618 Infra.
1049 1560 1133 1616 idem
1156 1558 1231 1617 Osci
1260 1568 1422 1617 tenuerunt

119 1664 313 1731 vocabulum,
349 1664 400 1736 mp
422 1662 572 1718 bonomo
593 1663 643 1734 m'p
675 1662 795 1734 supruz's
830 1661 861 1717 in
894 1661 1063 1717 devotione
1086 1660 1199 1718 Vibiae
1227 1679 1302 1720 mus,
1322 1661 1422 1719 Rhen.

120 1764 256 1822 XXXIII
278 1783 307 1840 p.
326 1766 375 1823 35.
399 1765 517 1820 nesrinez'
536 1764 682 1838 proxime,
707 1761 780 1819 Osci
795 1764 913 1819 zz'color's
929 1762 963 1819 X
980 1763 1114 1818 nesz'mozt
1137 1762 1246 1818 diebus
1262 1763 1290 1819 X
1312 1781 1423 1838 proxu-

118 1868 188 1926 mis,
232 1865 306 1922 illud
317 1864 423 1922 Vmbri
445 1866 548 1941 paullo
572 1865 660 1922 aliter
681 1882 717 1922 ac
728 1864 831 1921 Latini
852 1864 1090 1921 accommodant
1111 1864 1152 1920 ad
1168 1881 1273 1920 casum
1293 1874 1421 1924 sextum.

119 1987 174 2024 asa
198 1968 294 2023 deoez'o
317 1985 336 2022 a
357 1968 434 2024 divis
457 1966 674 2042 cognominata
695 1984 759 2022 non
785 1974 900 2021 temere
923 1965 1067 2021 credetur
1088 1965 1221 2022 maxima
1250 1966 1358 2040 fuisse;
1391 1967 1422 2023 in

119 2069 212 2127 Oscis
237 2070 332 2124 dez'oot
360 2066 482 2124 Geneloi
504 2068 561 2124 sed
576 2066 725 2140 Anogtr'oi
745 2065 867 2121 dz'tor'ioz'
887 2063 977 2138 (mus.
1000 2064 1099 2125 Rhen.
1116 2065 1267 2123 XXXVII
1289 2085 1318 2142 p.
1331 2065 1422 2143 643);

121 2171 216 2227 latine
232 2172 297 2225 dius
311 2170 434 2226 deivom
456 2169 543 2224 simul
564 2175 596 2224 et
612 2168 725 2224 divium
747 2167 968 2241 complectitur.
1006 2175 1070 2222 tum
1092 2184 1148 2242 pro
1172 2176 1309 2241 oopersus
1331 2169 1423 2224 sellas

120 2271 285 2330 nomioavi.
329 2288 401 2326 nam
422 2275 527 2341 oope'rs
548 2269 622 2343 quid
645 2269 683 2324 sit
706 2268 850 2324 discimus
873 2285 911 2323 ex
935 2268 997 2324 tab.
1022 2266 1069 2322 III
1094 2270 1121 2335 7,
1145 2268 1197 2325 ubi
1220 2277 1328 2326 auctor
1351 2278 1422 2343 post

125 2391 218 2448 quam
241 2372 375 2447 legitime
399 2380 519 2428 creatus
543 2378 599 2438 est,
622 2371 703 2444 prius
726 2386 818 2443 quarn
841 2375 913 2424 vota
934 2385 989 2442 pro
1012 2368 1154 2426 fratribus
1177 2379 1343 2445 nuncupat,
1367 2370 1423 2426 ho·

124 2491 233 2530 norem
256 2482 287 2529 et
309 2471 442 2529 officium
465 2489 551 2528 suum
573 2470 618 2526 his
642 2471 740 2526 verbis
764 2469 903 2526 scribitur
925 2470 1090 2544 auspicari:
1114 2477 1171 2533 lum
1194 2478 1296 2528 auctor
1317 2474 1423 2544 oopede

121 2575 246 2649 collegii
265 2576 357 2631 sz’dz'to.
403 2582 581 2648 suggestum
617 2573 706 2646 igitur
729 2572 861 2646 aliquem
893 2573 1038 2629 soliumve
1061 2571 1274 2647 intellegimus,
1305 2574 1336 2629 iu
1359 2590 1419 2647 quo

123 2677 260 2750 magistri
281 2694 318 2733 ac
333 2677 489 2750 praesules
506 2674 653 2738 sederint,
676 2673 840 2747 potestatis
864 2691 901 2729 ac
916 2674 1073 2746 dignitatiS
1097 2675 1225 2748 insigne.
1264 2675 1304 2730 de
1320 2682 1422 2749 etymo

123 2776 251 2834 haereo:
275 2775 330 2833 fuit
353 2794 422 2832 cum
445 2777 485 2831 de
509 2793 546 2831 oa
569 2776 626 2830 dvo
648 2782 680 2829 et
693 2775 756 2846 ped
775 2774 952 2847 cogitarem,
976 2775 1060 2847 quod
1073 2774 1192 2830 duobus
1215 2775 1344 2848 pedibus
1368 2775 1423 2832 ful·

122 2887 188 2935 tum
221 2879 330 2934 solium
353 2877 461 2934 fuisset
482 2873 535 2948 (cf.
558 2876 748 2948 monopodia
771 2874 908 2949 tripodes
931 2870 993 2948 aL),
1029 2892 1089 2957 neu¹
1112 2875 1177 2948 quis
1202 2877 1348 2948 ‹lupursur
1370 2895 1424 2950 op-

122 2988 220 3055 ponat
254 2980 368 3036 dictum
401 2995 456 3052 pro
480 2977 653 3052 bipedibus,
686 2978 855 3051 priscorum
888 2975 1045 3031 nominum
1073 2977 1246 3034 secundum
1278 2978 1422 3033 notiones

124 3082 217 3138 etiam
251 3082 318 3138 soni
346 3079 506 3137 variantur.
560 3096 663 3134 verum
693 3079 894 3135 adversantur
915 3076 1051 3150 opinioni
1088 3077 1128 3133 illi
1165 3077 1297 3134 maxime
1330 3086 1424 3136 notae

125 3183 264 3238 sellarum
288 3181 432 3239 curulium
467 3188 498 3236 et
521 3188 690 3236 ceterarum
712 3180 825 3253 figurae
858 3178 988 3252 pedibus
1021 3178 1067 3234 bis
1096 3179 1174 3235 blnis
1208 3179 1424 3237 insistentium.

124 3285 229 3358 itaque
252 3302 288 3339 ea
311 3284 413 3358 potius
435 3282 554 3338 ratione
577 3281 681 3337 fictum
696 3281 806 3355 opinor
821 3296 881 3353 qua
896 3274 1068 3353 σκίμποδα,
1092 3280 1223 3336 fortasse
1248 3299 1265 3337 a
1287 3299 1339 3337 vos
1354 3281 1425 3337 vok·

125 3385 211 3460 quod
234 3385 363 3441 caruerit
384 3384 525 3458 pedibus.
569 3383 688 3438 Romae
712 3381 837 3455 quidem
860 3380 987 3453 auspicii
1012 3397 1104 3436 causa
1127 3381 1279 3438 sedebant
1303 3381 1334 3438 in
1351 3383 1425 3439 sella

127 3485 236 3554 solida,
260 3503 340 3560 quae
363 3503 426 3541 non
443 3491 593 3541 excavata
615 3501 673 3540 nec
696 3482 851 3557 perforata
873 3483 957 3557 globi
980 3483 1076 3539 instar
1097 3491 1164 3540 tota
1185 3493 1279 3552 esset,
1302 3486 1343 3542 de
1366 3504 1427 3560 qua

126 3586 250 3643 Vernus
273 3595 306 3643 et
321 3586 432 3642 Festus
453 3602 601 3642 monuere
624 3585 654 3640 in
674 3586 773 3640 solido
791 3584 867 3640 sella
890 3591 921 3640 et
942 3584 1059 3640 silentio
1082 3603 1214 3660 surgere.
1245 3586 1371 3646 Arvales
1394 3589 1425 3645 in

124 3688 285 3763 tetrastylo
308 3705 363 3745 suo
387 3686 536 3744 subselliis
561 3687 775 3744 considebant.

227 3791 265 3847 12
281 3789 427 3863 templum
442 3788 473 3844 in
485 3805 555 3845 arce
567 3787 682 3846 lactum
695 3797 751 3858 est,
775 3787 806 3845 In
821 3787 937 3861 templo
950 3789 1183 3846 tabernaculum
1195 3798 1242 3846 est
1259 3798 1290 3846 et
1304 3791 1426 3860 flamen,

127 3906 226 3963 augur
248 3889 288 3944 de
309 3890 386 3945 sede
408 3906 463 3945 sua
484 3897 663 3963 prospectat
687 3890 791 3945 urbem
813 3888 1043 3962 pomeriumque
1066 3897 1098 3945 et
1121 3891 1205 3963 quod
1228 3908 1320 3966 supra
1341 3899 1428 3967 patet

127 3989 247 4047 caelum
269 3989 402 4048 liberum.
438 3990 470 4047 id
482 4007 519 4046 ex
542 3990 636 4047 limite
658 3989 689 4045 in
701 4008 773 4047 arce
785 3997 893 4058 tract0,
917 3982 1031 4046 cense'o
1054 3998 1156 4047 autem
1177 3993 1303 4049 nomina
1326 3994 1428 4052 aliena

125 4091 317 4147 inmiscendo
350 4109 413 4148 rem
443 4091 617 4148 conturbari
638 4092 735 4164 magis
759 4109 850 4166 quam
873 4090 1027 4164 explicari,
1065 4093 1285 4168 contemplanti
1309 4097 1428 4154 videtur

125 4193 326 4251 dimidiatum.
347 4209 432 4249 ,nam
444 4211 504 4267 qua
520 4193 619 4249 limitis
632 4193 663 4248 In
678 4193 744 4249 solo
761 4192 839 4248 arcis
855 4193 981 4265 angulus
998 4209 1133 4250 summus
1149 4203 1181 4250 et
1198 4197 1428 4275 auguraculum‚

126 4311 166 4351 ea
188 4310 259 4367 pars
283 4292 364 4349 urbis
380 4304 429 4351 est
450 4295 599 4369 superi0r‚
623 4312 682 4368 qua
705 4293 823 4350 infimus
840 4293 969 4367 angulus
985 4302 1017 4350 et
1032 4312 1094 4362 ara,
1119 4313 1157 4352 ea
1179 4296 1313 4359 inferior.
1337 4298 1429 4357 finem

126 4393 200 4450 facit
222 4393 267 4450 his
290 4395 465 4468 regionibus
489 4396 688 4471 auspicioque
723 4396 754 4451 in
777 4397 917 4453 dextram
940 4403 971 4451 et
994 4396 1147 4454 sinistram
1175 4399 1258 4456 urbis
1288 4400 1430 4460 circuitus

125 4496 177 4570 qui
200 4495 261 4552 iam
284 4495 505 4552 determinatur
536 4495 682 4552 aedificiis
715 4495 852 4570 locisque
875 4496 964 4552 certis
988 4513 1068 4570 quae
1091 4498 1173 4555 oculi
1198 4517 1236 4556 ex
1258 4517 1330 4556 arce
1353 4518 1430 4560 con·

126 4596 247 4671 spicere
269 4605 442 4670 potuerunt.
486 4597 632 4671 pleraque
655 4596 784 4652 deorum
806 4605 878 4654 sunt
899 4605 933 4654 ut
947 4596 1077 4656 vesticii
1099 4602 1229 4674 cognati
1252 4617 1320 4657 cum
1334 4599 1441 4665 Vesta

125 4707 158 4754 et
181 4699 298 4755 oeslt'cr'o
332 4696 477 4772 sacrifica,
512 4696 599 4754 Rufri
632 4714 702 4753 cum
723 4697 854 4772 Robigo,
889 4697 1009 4757 Noniae
1040 4721 1111 4760 cum
1133 4699 1242 4773 Nona,
1276 4698 1346 4757 Salii
1368 4718 1450 4767 cum
