3742 5364
685 320 761 405 '171

80 531 176 588 semel
198 538 317 587 tantum
340 538 406 587 erat
428 548 516 588 versu
540 533 591 597 30,
623 531 681 587 sed
703 530 847 606 quoniam
869 531 951 589 nulla
971 531 1005 591 fit
1026 531 1057 588 in
1081 531 1191 590 tabulis
1213 530 1255 588 III
1278 539 1310 588 et
1330 530 1375 588 IV

79 633 141 690 vini
162 640 215 690 aut
235 632 338 689 similis
361 632 484 707 liquoris
507 633 634 700 menti0,
669 632 735 688 sine
761 631 878 706 liquore
906 641 1011 690 autem
1039 652 1098 691 nec
1118 633 1224 708 peragi
1245 632 1305 691 hoc
1326 651 1374 690 sa·

80 733 223 790 orificium
245 733 344 807 potuit
366 751 425 790 nec
446 734 554 790 ueskles
574 740 670 790 snates
691 732 769 792 1V9
800 733 885 791 locus
909 733 975 810 fuit,
1005 744 1250 792 consentaneum
1272 741 1375 791 estut

79 833 225 909 pleraque
248 852 336 892 sacra
358 835 402 891 sic
420 833 498 914 haec
522 851 644 910 quoque
668 833 801 891 Vmbros
830 833 940 892 fecisse
961 835 1046 910 puni.
1090 834 1232 911 quocirca
1262 850 1374 908 poscas

79 933 128 990 hic
148 934 284 1010 intellegi
306 943 430 1011 oportet
451 952 521 993 cum
550 953 619 993 eam
646 952 726 1010 quae
753 935 848 993 modo
876 936 961 994 dicta
987 944 1035 994 est
1065 935 1189 1010 frigida,
1224 943 1289 991 tum
1320 952 1374 991 eas

80 1053 155 1110 quas
178 1036 336 1093 universae
359 1036 402 1092 rei
435 1035 558 1094 divinae
586 1036 792 1094 adhibuerunt
823 1036 952 1094 vasculis
984 1036 1183 1095 infundentes
1210 1035 1290 1094 extis
1318 1037 1375 1094 ad-

80 1146 259 1213 spergentes
281 1138 412 1196 libantes
434 1146 488 1194 aut
510 1155 704 1214 quocumque
720 1138 814 1195 modo
837 1138 868 1195 in
890 1156 976 1196 sacra
992 1145 1217 1196 convertentes.
1263 1154 1374 1210 nempe

79 1257 117 1295 ne
141 1239 268 1314 simpula
291 1240 417 1315 quidem
440 1239 486 1296 ΙΙΙ
504 1243 542 1298 17
559 1256 599 1298 ss.
622 1240 767 1296 altaribus
794 1258 833 1297 eo
866 1239 994 1297 consilio
1017 1256 1088 1296 esse
1110 1239 1253 1315 imposita
1276 1238 1373 1295 credi-

79 1340 186 1406 derim,
209 1349 242 1398 ut
266 1359 363 1409 vacua
385 1342 424 1400 ab
448 1359 553 1398 umore
576 1349 780 1399 remanerent.
817 1341 901 1416 quod
925 1341 950 1398 si
965 1340 1058 1398 verba
1080 1348 1164 1398 recte
1179 1340 1373 1415 interpretor,

78 1451 241 1518 operantes
274 1443 305 1500 in
333 1461 408 1518 agro
439 1461 509 1500 cum
538 1444 609 1518 igne
643 1450 768 1501 utantur
800 1450 888 1500 extra
918 1443 1030 1500 aedem
1064 1458 1197 1499 accenso
1219 1448 1312 1518 atque
1336 1458 1374 1496 ex

78 1547 158 1604 aede
185 1546 266 1604 foras
288 1546 419 1621 prolat0,
446 1555 512 1603 tum
534 1563 614 1620 aqua
637 1545 742 1619 templi
762 1546 926 1602 noluerunt
955 1544 999 1602 uti
1029 1543 1144 1602 lustrali
1166 1543 1217 1600 illa
1240 1560 1320 1618 quae
1342 1543 1374 1598 in

78 1649 194 1706 honore
218 1648 322 1705 divino
344 1647 592 1706 consumebatur
604 1647 695 1706 intus.
734 1647 865 1720 virgines
877 1646 1021 1703 Vestales
1038 1644 1165 1703 cottidie
1188 1661 1226 1700 ex
1241 1643 1373 1718 Egeriae

78 1751 163 1808 fonte
179 1750 328 1826 petebant
350 1766 461 1825 aquarn
476 1765 537 1822 qua
553 1747 726 1822 expiaretur
742 1747 838 1803 aedes
855 1746 985 1819 Vestae;
1009 1762 1082 1804 vase
1102 1745 1192 1802 futtili
1207 1745 1373 1802 utebantur

77 1853 163 1929 quod
185 1860 266 1908 stare
289 1869 352 1908 non
373 1858 491 1925 posset,
515 1848 586 1924 quia
608 1865 689 1923 aqua
704 1847 745 1905 ad
766 1864 851 1904 sacra
870 1848 982 1903 hausta
1003 1845 1034 1903 in
1057 1854 1137 1904 terra
1160 1847 1185 1904 si
1206 1855 1374 1922 poneretur

76 1954 228 2030 piaculum
251 1959 332 2021 erat;
359 1951 486 2007 muriem
509 1947 705 2007 confecturae
726 1966 790 2005 non
812 1947 1003 2005 adhibebant
1024 1965 1137 2023 aquam
1159 1965 1239 2023 quae
1262 1965 1318 2023 per
1339 1947 1372 2003 fi-

77 2056 173 2112 stulas
196 2052 326 2121 veniret;
360 2049 505 2108 Numicus
540 2045 685 2108 ‘siccatus
713 2056 760 2106 est
789 2048 882 2106 sacris
911 2048 1116 2122 interceptus,
1138 2047 1257 2107 Vestae
1289 2048 1371 2107 enim

76 2154 162 2212 libari
183 2172 246 2211 non
269 2153 328 2210 nisi
349 2153 389 2209 de
411 2152 472 2210 hoc
492 2151 583 2208 fluvio
599 2145 739 2210 licebat':
764 2152 806 2208 ad
820 2167 970 2207 summam
987 2157 1033 2207 tot
1048 2149 1147 2207 omnis
1162 2148 1284 2225 generis
1300 2167 1372 2208 cau·

76 2257 178 2313 tiones
202 2273 302 2330 aquae
326 2254 357 2312 in
379 2253 473 2312 sacris
496 2270 567 2310 usus
587 2251 703 2321 habuit,
733 2258 766 2309 ut
795 2250 929 2308 umbrica
949 2250 1027 2322 haec
1049 2269 1112 2308 non
1136 2251 1175 2307 sit
1196 2252 1279 2311 mira.
1323 2253 1375 2308 nei

75 2356 224 2432 particula
247 2373 339 2432 quam
364 2354 504 2429 proclivis
532 2353 620 2410 fuerit
653 2355 696 2411 ad
729 2353 844 2410 coitum
879 2352 1060 2428 syllabarum
1083 2360 1114 2409 et
1137 2352 1371 2423 adhaesionem,

76 2458 219 2532 copulata
241 2465 272 2514 et
294 2455 465 2530 composita
480 2456 574 2512 multa
589 2458 724 2530 produnt
746 2449 870 2531 (nequis
892 2471 983 2511 nemo
1005 2472 1127 2530 nequeo
1149 2447 1255 2530 nego),
1278 2454 1372 2512 etiam

75 2555 117 2633 μὴ
140 2558 262 2615 excellit
283 2558 363 2614 inter
385 2557 477 2614 erasis
494 2557 540 2613 vel
563 2556 739 2631 aphaeresis
762 2557 913 2633 exempla,
936 2575 1069 2613 arceram
1085 2575 1120 2613 ne
1134 2557 1259 2636 sternito,
1279 2575 1372 2631 genas

75 2679 111 2715 ne
132 2661 259 2716 radunlo
283 2658 342 2717 hoc
366 2658 473 2715 ordine
489 2659 684 2716 vetustissimi
707 2666 896 2726 constanter,
918 2658 1034 2714 homini
1053 2664 1162 2715 mortuo
1185 2676 1220 2714 ne
1245 2676 1307 2713 ossa
1330 2659 1371 2713 le·

72 2761 136 2835 gito
157 2761 188 2817 in
210 2761 277 2834 lege
299 2760 361 2817 XII
384 2768 436 2816 aut
458 2750 568 2817 Cicero
591 2768 644 2816 aut
659 2759 805 2835 quoniam
827 2777 882 2816 sua
904 2758 929 2817 is
953 2759 1020 2834 ipse
1036 2758 1210 2816 imitatione
1232 2765 1371 2816 ostentat

74 2881 167 2938 quem
187 2870 354 2936 agnoverat
376 2862 508 2937 priscum
533 2862 700 2935 copulandi
722 2879 848 2928 morem,
871 2880 911 2917 ne
928 2858 1037 2918 Cicero
1053 2860 1179 2935 quidem
1202 2860 1260 2916 sed
1281 2858 1370 2916 libra·

74 2965 136 3020 rius
159 2965 234 3023 eius.
277 2963 308 3020 in
331 2962 439 3019 Plauto
459 2959 532 3037 (mil.
549 2962 624 3036 572)
647 2963 760 3019 nollem
782 2963 899 3019 editum
920 2962 1001 3035 quod
1014 2961 1081 3018 scies
1103 2980 1138 3042 ne
1153 2960 1280 3027 seiberti,
1304 2976 1371 3017 cum

73 3067 106 3121 in
128 3064 209 3122 libris
232 3065 270 3122 sit
289 3063 450 3132 nesciveris,
472 3080 564 3119 nemo
588 3063 706 3120 dividat
727 3082 762 3118 ne
775 3064 834 3118 scio
850 3063 936 3119 eiiam
957 3063 991 3119 id
1006 3062 1088 3136 quod
1103 3062 1170 3126 scio,
1193 3060 1371 3135 insequatur

73 3183 125 3221 nec
145 3165 268 3223 videres:
291 3164 371 3222 male
393 3171 513 3238 ruptum
536 3182 655 3221 versum
682 3164 769 3238 peius
796 3171 961 3232 sarserunt,
985 3162 1235 3237 coniungendum
1250 3161 1371 3236 posthac

74 3266 158 3322 etiem
180 3267 262 3323 illud
281 3267 359 3340 quod
376 3266 446 3321 scies
467 3265 631 3322 nesciberis
677 3265 777 3322 Latini
800 3267 883 3338 quad
901 3265 994 3322 etiam
1017 3265 1162 3340 scriptum
1185 3262 1371 3339 reliquerunt

73 3384 130 3443 pro
145 3369 248 3440 quoad
265 3367 312 3423 vel
335 3367 441 3440 quoad,
463 3366 495 3422 in
518 3367 661 3425 scaenica
683 3366 771 3442 poesi
793 3369 829 3422 ne
849 3367 937 3422 adeat
957 3374 1009 3423 aut
1032 3365 1139 3424 similia
1154 3383 1235 3440 quae
1254 3364 1370 3423 hiatum

73 3468 177 3525 facere
201 3467 368 3544 legitimum
390 3467 532 3528 dicuntur
553 3467 612 3524 arsi
636 3467 738 3525 soluta
754 3476 894 3543 correpta
914 3467 1013 3525 vocali
1036 3467 1140 3542 longa,
1164 3474 1283 3523 veteres
1306 3483 1370 3523 non

74 3569 119 3626 sic
142 3576 175 3635 ut
196 3569 319 3625 adsolet
343 3570 551 3627 distraxerunt
572 3572 629 3628 sed
652 3571 682 3628 in
706 3571 893 3646 trisyllabum
916 3572 1066 3644 redegere
1086 3569 1169 3627 brevi
1185 3568 1284 3626 vocali
1307 3568 1369 3625 sive

73 3669 208 3727 conflata
229 3678 262 3727 ut
284 3671 315 3727 in
338 3672 403 3728 eicit
424 3672 486 3729 sive
509 3690 674 3747 suppressa
696 3682 729 3730 ut
752 3673 783 3730 in
805 3670 970 3731 neeb‘habus.
