3742 5364
744 340 802 398 115
980 403 982 408 k
1204 341 1329 399 Vllahl
1347 340 1429 398 1340

128 515 408 597 aeriotursitut0‚
431 542 534 604 porse
556 541 662 601 perca
680 539 750 580 ars·
802 525 859 581 mis
886 524 1023 596 iugenio
1046 527 1097 599 qui
1121 528 1236 599 virgam
1262 527 1427 600 imperato-

128 626 237 688 matie
248 624 386 687 habiest
398 621 646 704 etlprinvatur.
666 621 751 682 hon·
766 651 791 687 n
806 626 879 681 riam
916 625 1042 682 habebit
1078 624 1133 700 etl
1157 628 1317 700 prinovati.
1383 627 1429 680 in·

129 727 195 788 dra
213 725 290 788 furo
314 724 531 787 sehemeniar
556 724 676 784 hatuto
700 730 751 782 to·
805 726 848 782 tra
872 725 968 782 forum
990 726 1185 783 decurionale
1198 727 1340 801 capiunto
1357 727 1429 783 eivi-

126 940 197 1008 quot
215 934 310 1007 inquit
332 932 420 988 leutius
436 931 495 986 dre·
513 932 638 1005 vestigio
651 929 752 1008 fugae
772 930 803 985 in
824 931 918 985 sacrzlr
947 936 1098 1003 apparent,
1121 929 1192 985 Piso
1216 930 1246 984 in
1267 928 1427 985 annalibus

128 1034 255 1091 vitulam
278 1033 436 1090 victoriam
457 1033 607 1089 nominari
630 1032 690 1088 hoc
713 1039 892 1104 argumento
916 1032 1070 1105 probarat,
1094 1032 1177 1105 quod
1199 1030 1349 1104 postridie
1371 1048 1427 1086 no·

126 1152 186 1192 nas
209 1135 272 1190 illas
295 1152 327 1190 re
351 1135 430 1190 bene
455 1143 567 1207 gesta„
590 1151 659 1190 cum
686 1135 783 1208 pridie
811 1133 940 1208 populus
964 1152 982 1189 a
1005 1133 1112 1189 Tuscis
1145 1134 1175 1189 in
1198 1132 1303 1206 fugam
1324 1148 1427 1188 versus

127 1249 214 1292 esset
235 1236 317 1290 unde
340 1234 507 1308 poplisugia
528 1241 725 1299 vocarentur,
748 1242 873 1308 propter
895 1233 1052 1290 victoriam
1086 1233 1176 1288 certis
1207 1233 1316 1288 diebus
1341 1231 1428 1288 fieret

127 1336 266 1392 vitulatio
289 1331 476 1409 (Macrobius
492 1342 548 1393 sat.
566 1335 651 1402 1112,
666 1337 726 1403 14).
771 1335 883 1394 eodem
906 1335 957 1389 die
981 1333 1130 1389 Romulus
1153 1333 1253 1389 subito
1277 1350 1426 1406 nusquam

127 1438 339 1512 comparuisse
363 1436 518 1493 serebatur
540 1454 608 1493 curn
632 1436 797 1492 exercitum
820 1435 969 1490 lustraret.
1011 1435 1095 1490 unde
1118 1434 1219 1507 aliqua
1243 1433 1425 1508 Poplifugio·

128 1558 195 1596 rum
218 1557 286 1594 cum
309 1538 437 1611 Iguvina
460 1538 640 1593 lustratione
674 1535 840 1592 similitudo
868 1535 1017 1610 pellucet,
1045 1552 1147 1608 neque
1170 1553 1242 1591 vero
1266 1544 1351 1591 tanta
1374 1544 1426 1592 aut

127 1647 193 1694 tam
218 1647 301 1694 certa
323 1656 360 1692 ex
382 1656 441 1711 qua
465 1637 537 1692 utile
561 1637 634 1711 quid
657 1636 853 1692 addiscamus
877 1631 927 1711 (cl.
945 1635 1170 1708 Schweglerum
1186 1635 1331 1692 historiae
1348 1653 1422 1694 rom.

128 1741 141 1796 1
168 1759 195 1813 p.
212 1743 272 1798 532
288 1758 327 1795 ss
353 1748 382 1795 et
405 1738 630 1795 Mommsenum
654 1736 729 1794 ClL.
754 1737 766 1791 l
788 1754 817 1810 p.
837 1729 921 1812 396).
966 1718 1095 1793 Athenis
1119 1733 1243 1810 δίωγμα
1269 1745 1321 1792 aut
1346 1731 1425 1794 ἀπο-

127 1838 253 1915 δίωγμα
276 1842 347 1897 dum
371 1839 615 1912 Thesmophoria
643 1847 737 1912 agunt
767 1837 910 1893 mulieres
944 1837 1104 1893 instituunt
1136 1837 1342 1894 sacrificantes
1374 1834 1425 1904 (cf.

128 1943 319 2000 Lobeclrium
336 1941 538 2015 Aglaophami
559 1959 587 2014 p.
602 1939 687 2013 680).
734 1940 930 2014 Argonautas
953 1948 1118 2014 postquam
1140 1938 1277 1994 lustravit
1298 1937 1426 2012 Mopsus

128 2032 289 2101 simulacra
313 2044 441 2100 virorum
464 2043 527 2098 sive
551 2041 657 2098 oscilla
685 2041 741 2097 rite
765 2041 864 2107 locat,
897 2041 927 2095 in
962 2057 1040 2113 quae
1073 2041 1202 2096 deorum
1224 2039 1355 2095 inferum
1383 2041 1427 2096 ira

126 2147 290 2219 minaeque
313 2144 532 2202 transferantur
549 2144 754 2198 incantando:
778 2136 896 2215 ‘procul
921 2141 1043 2214 agmine
1067 2134 1189 2197 nostro’
1219 2140 1316 2215 inquit
1346 2135 1427 2197 ‘este

126 2248 309 2321 cunctisque
332 2246 470 2302 absistite
493 2240 602 2310 bellis',
636 2252 699 2301 turn
731 2239 906 2318 ‘pecorique
929 2243 1065 2317 satisque
1095 2241 1195 2298 nullae
1223 2243 1295 2299 ideo
1319 2252 1424 2316 pestes

128 2366 189 2405 nec
213 2347 330 2404 luctifer
350 2347 471 2419 ingruat
490 2363 586 2402 annus
612 2363 670 2402 nec
702 2346 808 2419 populi
840 2345 974 2401 nostrive
1008 2343 1093 2399 luant
1115 2361 1152 2397 ea
1175 2342 1257 2399 lacta
1279 2337 1425 2398 minores’

127 2446 206 2524 (Val.
232 2449 274 2504 Fl.
298 2448 415 2506 111444
433 2445 496 2517 ss).
541 2447 656 2503 seilicet
679 2447 889 2520 antiquissimo
915 2454 1054 2518 tempore
1088 2445 1118 2499 in
1140 2444 1199 2500 hoc
1221 2462 1334 2517 genere
1357 2463 1426 2518 pur·

127 2550 262 2624 gationis
285 2549 417 2604 maximo
442 2548 644 2621 supplicatum
666 2557 732 2603 erat
755 2547 893 2603 humanis
917 2544 1080 2620 capitibus,
1112 2561 1239 2620 quorum
1272 2544 1303 2600 in
1327 2544 1427 2600 locum

128 2659 192 2707 tam
207 2650 389 2706 Vmbrorum
406 2649 472 2705 illas
496 2648 632 2704 victimas
656 2665 748 2722 quam
771 2648 876 2704 oscilla
900 2656 1063 2720 ceteraque
1087 2645 1243 2701 hominurn
1267 2645 1427 2702 simulacra

128 2750 260 2806 cessisse
285 2749 428 2805 credibile
452 2757 507 2804 est.
531 2743 633 2804 ‘ludos
658 2748 797 2805 Taureos
820 2766 837 2803 a
861 2747 979 2804 Sabinis
1003 2756 1129 2822 propter
1151 2746 1357 2820 pestilentiam
1379 2747 1424 2802 in·

126 2853 252 2908 stitutos
274 2853 390 2931 dicunt,
413 2859 446 2907 ut
469 2850 533 2907 lues
556 2850 677 2925 publica
700 2851 730 2906 in
754 2850 807 2906 has
832 2849 946 2907 hostias
970 2843 1150 2905 verteretur'
1185 2842 1318 2922 (Servius
1341 2847 1419 2907 Aen.

125 2953 156 3009 Il
176 2945 257 3029 140),
281 2971 318 3009 ex
341 2953 387 3008 his
411 2951 540 3009 fortasse
558 2962 645 3009 erant
667 2971 723 3008 eae
737 2970 816 3026 quae
835 2953 961 3025 antiquo
980 2968 1064 3006 more
1081 2950 1270 3006 vocabantur
1288 2949 1427 3021 effugiae.

126 3072 183 3129 pro
207 3056 329 3111 comitio
352 3056 500 3111 iuvencae
522 3055 642 3111 solutae
666 3064 725 3110 tres
747 3053 802 3127 (ita
818 3049 884 3126 IB)
900 3061 951 3108 aut
967 3052 1068 3126 plures
1090 3051 1146 3122 (ita
1160 3045 1228 3126 VII)
1252 3049 1426 3105 territantur

127 3164 161 3211 et
182 3155 378 3230 aspelluntur,
400 3157 430 3212 in
454 3156 519 3212 foro
542 3155 658 3211 insumo
682 3163 742 3211 tres
759 3162 922 3228 captantur
937 3171 1019 3228 quae
1042 3153 1189 3226 deinceps
1214 3151 1422 3207 immolentur:

126 3257 188 3313 hoc
211 3259 304 3314 modo
327 3258 482 3314 comitium
499 3257 657 3327 aelorum,
681 3273 804 3311 comnom
827 3264 858 3311 et
872 3252 978 3330 suram
994 3272 1075 3328 quae
1090 3253 1184 3328 Iguvii
1206 3253 1285 3308 sicut
1306 3251 1425 3306 Romae

127 3367 161 3414 et
184 3360 372 3416 continentia
395 3368 427 3415 et
449 3359 552 3433 populi
577 3359 669 3413 sedes
686 3375 722 3413 ac
738 3357 923 3413 domicilium
945 3364 1042 3424 erant,
1065 3372 1121 3431 per
1142 3353 1320 3411 lustramina
1336 3350 1423 3426 quasi

127 3477 267 3516 eversum
291 3469 322 3516 et
345 3470 497 3516 extersum
520 3459 550 3515 in
572 3476 658 3514 usum
681 3458 836 3531 publicum
859 3458 1010 3530 recipitur.
1045 3455 1153 3531 aspelli
1171 3461 1294 3529 oportet
1317 3453 1356 3508 ab
1379 3452 1423 3508 eis

127 3561 179 3634 qui
203 3561 386 3626 lustrationis
410 3560 627 3617 caerimoniam
648 3566 813 3633 peragunt,
849 3558 887 3613 ab
906 3558 1005 3614 isdem
1042 3557 1111 3631 capi
1143 3566 1231 3630 putes
1254 3555 1423 3611 secundum

128 3670 216 3719 vetus
239 3654 404 3736 exemplar,
428 3671 512 3718 certe
535 3678 598 3717 non
620 3677 797 3735 expressum
816 3668 865 3715 est
885 3669 1008 3733 praeter
1023 3659 1175 3716 flaminem
1198 3667 1229 3714 et
1251 3657 1369 3730 legatos
1388 3655 1424 3711 si-

127 3763 195 3837 quis
219 3764 321 3838 capiat
343 3763 427 3819 alius.
470 3772 501 3819 at
523 3762 679 3836 aliquanto
705 3761 821 3818 facilius
845 3771 892 3817 est
913 3762 1036 3834 abigere
1059 3761 1170 3817 bovem
1184 3775 1276 3832 quam
1299 3757 1421 3813 sistere:

127 3863 299 3919 humaniter
320 3880 400 3920 nova
421 3864 468 3920 lex
492 3880 603 3938 capere
625 3864 721 3919 civem
744 3863 921 3937 quemlubet
940 3861 1096 3936 permittit.

228 3966 268 4022 52
301 3964 476 4021 sehemem'or
497 3965 666 4032 sehnrem'or,
691 3966 775 4038 quod
794 3965 866 4022 olim
887 3964 1067 4020 adverbium
1090 3970 1235 4036 tanquam
1250 3960 1423 4033 promarum

129 4083 200 4122 esse
224 4084 242 4122 a
264 4068 407 4139 genetivo
431 4085 504 4123 casu
526 4068 717 4122 demutatum
742 4067 898 4123 volueram
925 4065 1019 4122 invita
1041 4064 1188 4131 llllinerva,
1211 4063 1271 4140 iam
1294 4062 1427 4119 intellexi

97 4194 101 4201 ·
127 4186 241 4223 nomen
264 4184 333 4224 esse
354 4167 456 4224 fictum
478 4176 511 4224 ut
528 4168 684 4242 exemplar
707 4168 811 4225 Latiar
827 4168 904 4224 altar
923 4167 980 4223 sed
997 4166 1190 4222 adiectivum.
1235 4163 1332 4221 multa
1354 4173 1425 4220 sunt

128 4269 159 4324 in
179 4269 252 4324 urbe
269 4267 334 4324 fora
353 4278 407 4324 aut
423 4278 552 4342 possunt
569 4285 647 4331 esse,
670 4268 808 4325 boarium
824 4267 988 4342 piscarium
1004 4265 1177 4323 holitorium
1193 4266 1243 4333 al,
1266 4265 1299 4321 id
1315 4265 1344 4321 in
1365 4283 1426 4340 quo

127 4387 176 4425 res
197 4369 301 4443 populi
324 4378 466 4442 ageretur
488 4368 649 4424 rehmeniar
671 4368 788 4441 Iguvini
816 4369 957 4424 dixerant
985 4385 1003 4423 a
1036 4367 1191 4424 schmenz'er
1214 4366 1358 4440 dequrz‘er.
1406 4383 1424 4420 a
1479 4376 1482 4382 '

127 4470 273 4544 temporis
296 4470 395 4544 spatio
418 4478 547 4526 tractum
563 4469 746 4526 vocabulum
768 4470 830 4525 noli
854 4471 969 4526 mirari:
994 4469 1050 4525 sori
1072 4468 1247 4526 nundinarii
1267 4467 1350 4542 quod
1366 4466 1425 4522 La·

78 4563 81 4567 ⁸
128 4573 183 4629 tini
206 4580 317 4627 vocant
335 4573 420 4644 origo
444 4580 515 4626 sunt
538 4587 649 4627 novem
672 4571 750 4637 dieS,
774 4572 951 4627 semeniaris
973 4571 1064 4627 huius
1082 4589 1136 4630 sex
1150 4587 1284 4627 menses.
1319 4568 1426 4624 Semo·

127 4675 198 4731 niae
221 4673 389 4730 institutum
413 4673 505 4730 fuisse
529 4674 558 4729 in
582 4672 674 4730 sacris
691 4673 825 4729 romanis
848 4681 879 4730 ut
901 4665 1022 4748 publice
1046 4672 1188 4736 facerent
1208 4671 1339 4731 bidente
1361 4685 1431 4725 cum
