<?xml version="1.0" encoding="UTF-8"?>
<!DOCTYPE html PUBLIC "-//W3C//DTD XHTML 1.0 Transitional//EN"
    "http://www.w3.org/TR/xhtml1/DTD/xhtml1-transitional.dtd">
<html xmlns="http://www.w3.org/1999/xhtml" xml:lang="en" lang="en">
 <head>
  <title>
</title>
<meta http-equiv="Content-Type" content="text/html;charset=utf-8" />
  <meta name='ocr-system' content='tesseract 3.04.00' />
  <meta name='ocr-capabilities' content='ocr_page ocr_carea ocr_par ocr_line ocrx_word'/>
</head>
<body>
  <div class='ocr_page' id='page_1' title='image "./vmbricainterpre00buecgoog_0162.png"; bbox 0 0 3742 5364; ppageno 0'>
   <div class='ocr_carea' id='block_1_1' title="bbox 237 351 921 415">
    <p class='ocr_par' dir='ltr' id='par_1_1' title="bbox 237 351 921 415">
     <span class='ocr_line' id='line_1_1' title="bbox 237 351 921 415; baseline 0.004 -3"><span class='ocrx_word' id='word_1_1' title='bbox 237 351 325 414; x_wconf 77' lang='lat'>11110</span> <span class='ocrx_word' id='word_1_2' title='bbox 861 355 921 415; x_wconf 76' lang='lat'>154</span> 
     </span>
    </p>
   </div>
   <div class='ocr_carea' id='block_1_2' title="bbox 233 534 1545 1124">
    <p class='ocr_par' dir='ltr' id='par_1_2' title="bbox 233 534 1545 1124">
     <span class='ocr_line' id='line_1_2' title="bbox 233 534 1545 622; baseline 0.005 -25"><span class='ocrx_word' id='word_1_3' title='bbox 233 546 329 598; x_wconf 88' lang='lat' dir='ltr'>urtas</span> <span class='ocrx_word' id='word_1_4' title='bbox 360 545 486 616; x_wconf 89' lang='lat' dir='ltr'>puntes</span> <span class='ocrx_word' id='word_1_5' title='bbox 509 534 653 598; x_wconf 85' lang='lat' dir='ltr'>fratrum</span> <span class='ocrx_word' id='word_1_6' title='bbox 689 536 893 620; x_wconf 78' lang='lat' dir='ltr'>upetuta.ln</span> <span class='ocrx_word' id='word_1_7' title='bbox 909 552 959 600; x_wconf 89' lang='lat' dir='ltr'>tae</span> <span class='ocrx_word' id='word_1_8' title='bbox 985 551 1095 617; x_wconf 87' lang='lat' dir='ltr'>pontes</span> <span class='ocrx_word' id='word_1_9' title='bbox 1119 541 1244 600; x_wconf 85' lang='lat' dir='ltr'>fratrum</span> <span class='ocrx_word' id='word_1_10' title='bbox 1270 551 1413 618; x_wconf 90' lang='lat' dir='ltr'>optanto.</span> <span class='ocrx_word' id='word_1_11' title='bbox 1439 537 1444 622; x_wconf 86' lang='grc' dir='ltr'>Ι</span> <span class='ocrx_word' id='word_1_12' title='bbox 1466 553 1545 603; x_wconf 89' lang='lat' dir='ltr'>tunc</span> 
     </span>
     <span class='ocr_line' id='line_1_3' title="bbox 233 636 1545 723; baseline 0.005 -26"><span class='ocrx_word' id='word_1_13' title='bbox 233 636 372 699; x_wconf 88' lang='lat' dir='ltr'>inumek</span> <span class='ocrx_word' id='word_1_14' title='bbox 407 637 464 698; x_wconf 90' lang='lat' dir='ltr'>via</span> <span class='ocrx_word' id='word_1_15' title='bbox 497 656 658 699; x_wconf 89' lang='lat' dir='ltr'>mersuva</span> <span class='ocrx_word' id='word_1_16' title='bbox 693 658 857 701; x_wconf 89' lang='lat' dir='ltr'>arvamen</span> <span class='ocrx_word' id='word_1_17' title='bbox 909 645 957 701; x_wconf 83' lang='lat' dir='ltr'>via</span> <span class='ocrx_word' id='word_1_18' title='bbox 996 644 1086 701; x_wconf 90' lang='lat' dir='ltr'>solita</span> <span class='ocrx_word' id='word_1_19' title='bbox 1123 645 1153 700; x_wconf 92' lang='lat' dir='ltr'>in</span> <span class='ocrx_word' id='word_1_20' title='bbox 1189 662 1293 701; x_wconf 91' lang='lat' dir='ltr'>arvom</span> <span class='ocrx_word' id='word_1_21' title='bbox 1329 653 1438 704; x_wconf 88' lang='lat' dir='ltr'>eunto.</span> <span class='ocrx_word' id='word_1_22' title='bbox 1471 640 1477 723; x_wconf 83' lang='grc' dir='ltr'>Ι</span> <span class='ocrx_word' id='word_1_23' title='bbox 1505 662 1545 703; x_wconf 86' lang='lat' dir='ltr'>ea</span> 
     </span>
     <span class='ocr_line' id='line_1_4' title="bbox 234 736 1542 819; baseline 0.008 -21"><span class='ocrx_word' id='word_1_24' title='bbox 234 746 338 801; x_wconf 86' lang='lat' dir='ltr'>etuta.</span> <span class='ocrx_word' id='word_1_25' title='bbox 359 736 361 817; x_wconf 78' lang='lat' dir='ltr'>l</span> <span class='ocrx_word' id='word_1_26' title='bbox 385 737 470 799; x_wconf 87' lang='lat' dir='ltr'>erak</span> <span class='ocrx_word' id='word_1_27' title='bbox 492 737 546 818; x_wconf 88' lang='lat' dir='ltr'>pir</span> <span class='ocrx_word' id='word_1_28' title='bbox 577 738 720 818; x_wconf 88' lang='lat' dir='ltr'>persklu</span> <span class='ocrx_word' id='word_1_29' title='bbox 743 746 858 804; x_wconf 79' lang='lat' dir='ltr'>udetu.</span> <span class='ocrx_word' id='word_1_30' title='bbox 909 745 1011 818; x_wconf 91' lang='lat' dir='ltr'>ignem</span> <span class='ocrx_word' id='word_1_31' title='bbox 1043 762 1112 801; x_wconf 94' lang='lat' dir='ltr'>cum</span> <span class='ocrx_word' id='word_1_32' title='bbox 1142 746 1366 819; x_wconf 84' lang='lat' dir='ltr'>supplicatione</span> <span class='ocrx_word' id='word_1_33' title='bbox 1398 748 1542 808; x_wconf 88' lang='lat' dir='ltr'>adolete.</span> 
     </span>
     <span class='ocr_line' id='line_1_5' title="bbox 235 836 1544 923; baseline 0.005 -24"><span class='ocrx_word' id='word_1_34' title='bbox 235 838 348 908; x_wconf 88' lang='lat' dir='ltr'>sakre,</span> <span class='ocrx_word' id='word_1_35' title='bbox 382 836 504 919; x_wconf 78' lang='lat' dir='ltr'>uveml</span> <span class='ocrx_word' id='word_1_36' title='bbox 525 837 639 901; x_wconf 88' lang='lat' dir='ltr'>kletra</span> <span class='ocrx_word' id='word_1_37' title='bbox 661 837 790 902; x_wconf 89' lang='lat' dir='ltr'>fertuta</span> <span class='ocrx_word' id='word_1_38' title='bbox 812 841 859 902; x_wconf 90' lang='lat' dir='ltr'>ai·</span> <span class='ocrx_word' id='word_1_39' title='bbox 910 862 1038 914; x_wconf 89' lang='lat' dir='ltr'>sacrum,</span> <span class='ocrx_word' id='word_1_40' title='bbox 1062 839 1285 922; x_wconf 76' lang='lat' dir='ltr'>ovemllectica</span> <span class='ocrx_word' id='word_1_41' title='bbox 1299 846 1424 904; x_wconf 88' lang='lat' dir='ltr'>ferunto</span> <span class='ocrx_word' id='word_1_42' title='bbox 1440 866 1544 923; x_wconf 86' lang='lat' dir='ltr'>agun-</span> 
     </span>
     <span class='ocr_line' id='line_1_6' title="bbox 235 937 1541 1025; baseline 0.007 -24"><span class='ocrx_word' id='word_1_43' title='bbox 235 949 319 1001; x_wconf 83' lang='lat' dir='ltr'>tuta.</span> <span class='ocrx_word' id='word_1_44' title='bbox 353 957 459 1001; x_wconf 84' lang='lat' dir='ltr'>arven</span> <span class='ocrx_word' id='word_1_45' title='bbox 481 937 633 1001; x_wconf 90' lang='lat' dir='ltr'>kletram</span> <span class='ocrx_word' id='word_1_46' title='bbox 653 939 656 1021; x_wconf 76' lang='lat' dir='ltr'>l</span> <span class='ocrx_word' id='word_1_47' title='bbox 677 941 858 1022; x_wconf 78' lang='lat' dir='ltr'>amparitu,</span> <span class='ocrx_word' id='word_1_48' title='bbox 910 955 950 1006; x_wconf 94' lang='lat' dir='ltr'>to.</span> <span class='ocrx_word' id='word_1_49' title='bbox 994 947 1026 1005; x_wconf 92' lang='lat' dir='ltr'>in</span> <span class='ocrx_word' id='word_1_50' title='bbox 1061 964 1133 1004; x_wconf 86' lang='lat' dir='ltr'>arvo</span> <span class='ocrx_word' id='word_1_51' title='bbox 1168 947 1308 1005; x_wconf 87' lang='lat' dir='ltr'><strong>lecticam</strong></span> <span class='ocrx_word' id='word_1_52' title='bbox 1334 941 1541 1025; x_wconf 72' lang='lat' dir='ltr'>{conlocato</span> 
     </span>
     <span class='ocr_line' id='line_1_7' title="bbox 234 1037 1543 1124; baseline 0.008 -24"><span class='ocrx_word' id='word_1_53' title='bbox 234 1039 320 1101; x_wconf 87' lang='lat' dir='ltr'>eruk</span> <span class='ocrx_word' id='word_1_54' title='bbox 344 1059 450 1101; x_wconf 88' lang='lat' dir='ltr'>esunu</span> <span class='ocrx_word' id='word_1_55' title='bbox 466 1037 550 1102; x_wconf 86' lang='lat' dir='ltr'>futu.</span> <span class='ocrx_word' id='word_1_56' title='bbox 575 1040 690 1105; x_wconf 88' lang='lat' dir='ltr'>kletre</span> <span class='ocrx_word' id='word_1_57' title='bbox 712 1043 894 1124; x_wconf 80' lang='lat' dir='ltr'>tuplaklrs</span> <span class='ocrx_word' id='word_1_58' title='bbox 908 1065 946 1105; x_wconf 93' lang='lat' dir='ltr'>ea</span> <span class='ocrx_word' id='word_1_59' title='bbox 969 1048 1071 1104; x_wconf 81' lang='lat' dir='ltr'>dlvina</span> <span class='ocrx_word' id='word_1_60' title='bbox 1106 1057 1184 1107; x_wconf 87' lang='lat' dir='ltr'>esto.</span> <span class='ocrx_word' id='word_1_61' title='bbox 1229 1049 1358 1108; x_wconf 85' lang='lat' dir='ltr'>lecticae</span> <span class='ocrx_word' id='word_1_62' title='bbox 1392 1048 1543 1122; x_wconf 80' lang='lat' dir='ltr'>furcaml</span> 
     </span>
    </p>
   </div>
   <div class='ocr_carea' id='block_1_3' title="bbox 232 1242 1543 1423">
    <p class='ocr_par' dir='ltr' id='par_1_3' title="bbox 232 1242 1543 1423">
     <span class='ocr_line' id='line_1_8' title="bbox 232 1242 1543 1322; baseline 0.005 -18"><span class='ocrx_word' id='word_1_63' title='bbox 232 1242 342 1305; x_wconf 87' lang='lat' dir='ltr'>‘oritur</span> <span class='ocrx_word' id='word_1_64' title='bbox 365 1249 478 1305; x_wconf 88' lang='lat' dir='ltr'>clamor</span> <span class='ocrx_word' id='word_1_65' title='bbox 499 1248 689 1322; x_wconf 83' lang='lat' dir='ltr'>dextraeque</span> <span class='ocrx_word' id='word_1_66' title='bbox 713 1256 897 1320; x_wconf 89' lang='lat' dir='ltr'>sequentum</span> <span class='ocrx_word' id='word_1_67' title='bbox 921 1249 1013 1306; x_wconf 89' lang='lat' dir='ltr'>verba</span> <span class='ocrx_word' id='word_1_68' title='bbox 1036 1250 1139 1307; x_wconf 88' lang='lat' dir='ltr'>ducis:</span> <span class='ocrx_word' id='word_1_69' title='bbox 1178 1251 1222 1308; x_wconf 91' lang='lat' dir='ltr'>sic</span> <span class='ocrx_word' id='word_1_70' title='bbox 1253 1268 1322 1309; x_wconf 92' lang='lat' dir='ltr'>cum</span> <span class='ocrx_word' id='word_1_71' title='bbox 1350 1252 1484 1311; x_wconf 90' lang='lat' dir='ltr'>stabulis</span> <span class='ocrx_word' id='word_1_72' title='bbox 1508 1263 1543 1312; x_wconf 90' lang='lat' dir='ltr'>et</span> 
     </span>
     <span class='ocr_line' id='line_1_9' title="bbox 232 1346 1540 1423; baseline 0.006 -18"><span class='ocrx_word' id='word_1_73' title='bbox 232 1349 384 1406; x_wconf 89' lang='lat' dir='ltr'>messibus</span> <span class='ocrx_word' id='word_1_74' title='bbox 402 1349 510 1422; x_wconf 89' lang='lat' dir='ltr'>ingens</span> <span class='ocrx_word' id='word_1_75' title='bbox 533 1348 576 1403; x_wconf 89' lang='lat' dir='ltr'>ira</span> <span class='ocrx_word' id='word_1_76' title='bbox 598 1348 689 1404; x_wconf 87' lang='lat' dir='ltr'>deum</span> <span class='ocrx_word' id='word_1_77' title='bbox 711 1358 741 1404; x_wconf 89' lang='lat' dir='ltr'>et</span> <span class='ocrx_word' id='word_1_78' title='bbox 765 1346 885 1405; x_wconf 88' lang='lat' dir='ltr'>Calabri</span> <span class='ocrx_word' id='word_1_79' title='bbox 909 1350 1070 1423; x_wconf 87' lang='lat' dir='ltr'>populator</span> <span class='ocrx_word' id='word_1_80' title='bbox 1093 1349 1185 1407; x_wconf 88' lang='lat' dir='ltr'>Sirius</span> <span class='ocrx_word' id='word_1_81' title='bbox 1208 1351 1270 1409; x_wconf 92' lang='lat' dir='ltr'>arvi</span> <span class='ocrx_word' id='word_1_82' title='bbox 1299 1349 1451 1423; x_wconf 80' lang='lat' dir='ltr'>incubuit,</span> <span class='ocrx_word' id='word_1_83' title='bbox 1473 1356 1540 1414; x_wconf 92' lang='lat' dir='ltr'>coit</span> 
     </span>
    </p>
   </div>
   <div class='ocr_carea' id='block_1_4' title="bbox 177 1450 1573 4558">
    <p class='ocr_par' dir='ltr' id='par_1_4' title="bbox 233 1450 1540 1626">
     <span class='ocr_line' id='line_1_10' title="bbox 234 1450 1540 1528; baseline 0.005 -20"><span class='ocrx_word' id='word_1_84' title='bbox 234 1461 388 1524; x_wconf 88' lang='lat' dir='ltr'>agrestum</span> <span class='ocrx_word' id='word_1_85' title='bbox 418 1467 526 1506; x_wconf 90' lang='lat' dir='ltr'>manus</span> <span class='ocrx_word' id='word_1_86' title='bbox 560 1450 650 1504; x_wconf 85' lang='lat' dir='ltr'>anxia</span> <span class='ocrx_word' id='word_1_87' title='bbox 683 1450 815 1524; x_wconf 91' lang='lat' dir='ltr'>priscum</span> <span class='ocrx_word' id='word_1_88' title='bbox 849 1450 879 1505; x_wconf 92' lang='lat' dir='ltr'>in</span> <span class='ocrx_word' id='word_1_89' title='bbox 911 1467 1020 1507; x_wconf 88' lang='lat' dir='ltr'>nemus</span> <span class='ocrx_word' id='word_1_90' title='bbox 1052 1460 1083 1507; x_wconf 92' lang='lat' dir='ltr'>et</span> <span class='ocrx_word' id='word_1_91' title='bbox 1112 1452 1230 1508; x_wconf 91' lang='lat' dir='ltr'>miseris</span> <span class='ocrx_word' id='word_1_92' title='bbox 1261 1452 1357 1510; x_wconf 91' lang='lat' dir='ltr'>dictat</span> <span class='ocrx_word' id='word_1_93' title='bbox 1386 1454 1440 1528; x_wconf 86' lang='lat' dir='ltr'>pia</span> <span class='ocrx_word' id='word_1_94' title='bbox 1463 1466 1540 1515; x_wconf 92' lang='lat' dir='ltr'>vota</span> 
     </span>
     <span class='ocr_line' id='line_1_11' title="bbox 233 1543 710 1626; baseline 0.004 -19"><span class='ocrx_word' id='word_1_95' title='bbox 233 1544 394 1608; x_wconf 87' lang='lat' dir='ltr'>sacerdos&#39;</span> <span class='ocrx_word' id='word_1_96' title='bbox 416 1544 568 1625; x_wconf 81' lang='lat' dir='ltr'>(Valerius</span> <span class='ocrx_word' id='word_1_97' title='bbox 592 1543 710 1626; x_wconf 80' lang='lat'>1681).</span> 
     </span>
    </p>

    <p class='ocr_par' dir='ltr' id='par_1_5' title="bbox 177 1644 1573 3748">
     <span class='ocr_line' id='line_1_12' title="bbox 335 1644 1539 1731; baseline 0.004 -21"><span class='ocrx_word' id='word_1_98' title='bbox 335 1654 370 1710; x_wconf 92' lang='lat'>11</span> <span class='ocrx_word' id='word_1_99' title='bbox 397 1669 500 1706; x_wconf 81' lang='lat' dir='ltr'>arvam</span> <span class='ocrx_word' id='word_1_100' title='bbox 526 1649 631 1706; x_wconf 89' lang='lat' dir='ltr'>Vmbri</span> <span class='ocrx_word' id='word_1_101' title='bbox 654 1647 712 1724; x_wconf 85' lang='grc' dir='ltr'>τὴν</span> <span class='ocrx_word' id='word_1_102' title='bbox 734 1644 887 1725; x_wconf 78' lang='grc' dir='ltr'>ἄρουραν,</span> <span class='ocrx_word' id='word_1_103' title='bbox 911 1668 973 1708; x_wconf 91' lang='lat' dir='ltr'>non</span> <span class='ocrx_word' id='word_1_104' title='bbox 997 1670 1098 1708; x_wconf 81' lang='lat' dir='ltr'>ornem</span> <span class='ocrx_word' id='word_1_105' title='bbox 1121 1661 1155 1709; x_wconf 93' lang='lat' dir='ltr'>ut</span> <span class='ocrx_word' id='word_1_106' title='bbox 1178 1652 1283 1710; x_wconf 93' lang='lat' dir='ltr'>Latini</span> <span class='ocrx_word' id='word_1_107' title='bbox 1304 1654 1454 1731; x_wconf 89' lang='lat' dir='ltr'>plerique,</span> <span class='ocrx_word' id='word_1_108' title='bbox 1477 1659 1539 1716; x_wconf 87' lang='lat' dir='ltr'>etsi</span> 
     </span>
     <span class='ocr_line' id='line_1_13' title="bbox 233 1750 1537 1832; baseline 0.005 -22"><span class='ocrx_word' id='word_1_109' title='bbox 233 1753 381 1811; x_wconf 88' lang='lat' dir='ltr'>Naevium</span> <span class='ocrx_word' id='word_1_110' title='bbox 404 1760 435 1809; x_wconf 90' lang='lat' dir='ltr'>et</span> <span class='ocrx_word' id='word_1_111' title='bbox 459 1750 625 1808; x_wconf 90' lang='lat' dir='ltr'>Pacuvium</span> <span class='ocrx_word' id='word_1_112' title='bbox 657 1770 745 1808; x_wconf 82' lang='lat' dir='ltr'>araas</span> <span class='ocrx_word' id='word_1_113' title='bbox 768 1750 902 1808; x_wconf 86' lang='lat' dir='ltr'>obterunt</span> <span class='ocrx_word' id='word_1_114' title='bbox 928 1761 960 1810; x_wconf 91' lang='lat' dir='ltr'>et</span> <span class='ocrx_word' id='word_1_115' title='bbox 983 1754 1137 1809; x_wconf 82' lang='lat' dir='ltr'>calamitas</span> <span class='ocrx_word' id='word_1_116' title='bbox 1159 1773 1250 1812; x_wconf 82' lang='lat' dir='ltr'>araas</span> <span class='ocrx_word' id='word_1_117' title='bbox 1272 1754 1405 1812; x_wconf 82' lang='lat' dir='ltr'>calvitur</span> <span class='ocrx_word' id='word_1_118' title='bbox 1425 1766 1537 1832; x_wconf 85' lang='lat' dir='ltr'>protu-</span> 
     </span>
     <span class='ocr_line' id='line_1_14' title="bbox 232 1851 1538 1926; baseline 0.004 -16"><span class='ocrx_word' id='word_1_119' title='bbox 232 1855 303 1910; x_wconf 89' lang='lat' dir='ltr'>lisse</span> <span class='ocrx_word' id='word_1_120' title='bbox 328 1851 445 1908; x_wconf 90' lang='lat' dir='ltr'>Nonius</span> <span class='ocrx_word' id='word_1_121' title='bbox 469 1860 599 1909; x_wconf 91' lang='lat' dir='ltr'>testatur</span> <span class='ocrx_word' id='word_1_122' title='bbox 621 1869 649 1926; x_wconf 90' lang='lat' dir='ltr'>p.</span> <span class='ocrx_word' id='word_1_123' title='bbox 674 1851 796 1910; x_wconf 72' lang='grc'>19111.</span> <span class='ocrx_word' id='word_1_124' title='bbox 821 1853 1005 1926; x_wconf 87' lang='lat' dir='ltr'>reduxitque</span> <span class='ocrx_word' id='word_1_125' title='bbox 1038 1853 1067 1908; x_wconf 93' lang='lat' dir='ltr'>in</span> <span class='ocrx_word' id='word_1_126' title='bbox 1101 1854 1236 1910; x_wconf 88' lang='lat' dir='ltr'>carmina</span> <span class='ocrx_word' id='word_1_127' title='bbox 1259 1854 1432 1915; x_wconf 89' lang='lat' dir='ltr'>Venantius</span> <span class='ocrx_word' id='word_1_128' title='bbox 1454 1878 1538 1916; x_wconf 85' lang='lat' dir='ltr'>nunc</span> 
     </span>
     <span class='ocr_line' id='line_1_15' title="bbox 229 1951 1537 2029; baseline 0.003 -17"><span class='ocrx_word' id='word_1_129' title='bbox 229 1956 334 2029; x_wconf 83' lang='lat' dir='ltr'>granr‘s</span> <span class='ocrx_word' id='word_1_130' title='bbox 356 1971 431 2009; x_wconf 83' lang='lat' dir='ltr'>arna</span> <span class='ocrx_word' id='word_1_131' title='bbox 447 1951 558 2024; x_wconf 79' lang='lat' dir='ltr'>premit</span> <span class='ocrx_word' id='word_1_132' title='bbox 586 1951 633 2007; x_wconf 94' lang='lat' dir='ltr'>IX</span> <span class='ocrx_word' id='word_1_133' title='bbox 660 1953 741 2018; x_wconf 67' lang='lat'>218</span> <span class='ocrx_word' id='word_1_134' title='bbox 765 1969 792 2024; x_wconf 91' lang='lat' dir='ltr'>p.</span> <span class='ocrx_word' id='word_1_135' title='bbox 810 1954 870 2011; x_wconf 82' lang='lat'>206</span> <span class='ocrx_word' id='word_1_136' title='bbox 895 1952 1019 2009; x_wconf 86' lang='lat' dir='ltr'>Leonis.</span> <span class='ocrx_word' id='word_1_137' title='bbox 1073 1953 1144 2009; x_wconf 78' lang='lat' dir='ltr'>erui</span> <span class='ocrx_word' id='word_1_138' title='bbox 1173 1955 1304 2011; x_wconf 89' lang='lat' dir='ltr'>relatum</span> <span class='ocrx_word' id='word_1_139' title='bbox 1326 1964 1375 2012; x_wconf 92' lang='lat' dir='ltr'>est</span> <span class='ocrx_word' id='word_1_140' title='bbox 1397 1957 1440 2014; x_wconf 89' lang='lat' dir='ltr'>ad</span> <span class='ocrx_word' id='word_1_141' title='bbox 1461 1959 1537 2016; x_wconf 81' lang='lat' dir='ltr'>via:</span> 
     </span>
     <span class='ocr_line' id='line_1_16' title="bbox 233 2052 1537 2131; baseline 0.002 -17"><span class='ocrx_word' id='word_1_142' title='bbox 233 2075 271 2114; x_wconf 87' lang='lat' dir='ltr'>ea</span> <span class='ocrx_word' id='word_1_143' title='bbox 293 2057 351 2115; x_wconf 87' lang='lat' dir='ltr'>via.</span> <span class='ocrx_word' id='word_1_144' title='bbox 395 2055 417 2110; x_wconf 92' lang='lat' dir='ltr'>it</span> <span class='ocrx_word' id='word_1_145' title='bbox 439 2053 587 2126; x_wconf 89' lang='lat' dir='ltr'>magister</span> <span class='ocrx_word' id='word_1_146' title='bbox 610 2070 679 2109; x_wconf 89' lang='lat' dir='ltr'>cum</span> <span class='ocrx_word' id='word_1_147' title='bbox 702 2052 847 2109; x_wconf 87' lang='lat' dir='ltr'>fratribus</span> <span class='ocrx_word' id='word_1_148' title='bbox 870 2063 924 2111; x_wconf 94' lang='lat' dir='ltr'>aut</span> <span class='ocrx_word' id='word_1_149' title='bbox 946 2054 1055 2111; x_wconf 92' lang='lat' dir='ltr'>saltem</span> <span class='ocrx_word' id='word_1_150' title='bbox 1081 2072 1151 2111; x_wconf 93' lang='lat' dir='ltr'>cum</span> <span class='ocrx_word' id='word_1_151' title='bbox 1174 2056 1317 2112; x_wconf 90' lang='lat' dir='ltr'>ministris</span> <span class='ocrx_word' id='word_1_152' title='bbox 1340 2057 1461 2131; x_wconf 87' lang='lat' dir='ltr'>quires</span> <span class='ocrx_word' id='word_1_153' title='bbox 1485 2075 1537 2116; x_wconf 89' lang='lat' dir='ltr'>sa·</span> 
     </span>
     <span class='ocr_line' id='line_1_17' title="bbox 233 2153 1537 2234; baseline 0.002 -19"><span class='ocrx_word' id='word_1_154' title='bbox 233 2176 300 2216; x_wconf 90' lang='lat' dir='ltr'>cras</span> <span class='ocrx_word' id='word_1_155' title='bbox 322 2158 352 2212; x_wconf 91' lang='lat' dir='ltr'>in</span> <span class='ocrx_word' id='word_1_156' title='bbox 374 2173 480 2229; x_wconf 91' lang='lat' dir='ltr'>agrum</span> <span class='ocrx_word' id='word_1_157' title='bbox 504 2153 657 2221; x_wconf 87' lang='lat' dir='ltr'>deferunt,</span> <span class='ocrx_word' id='word_1_158' title='bbox 681 2154 784 2226; x_wconf 89' lang='lat' dir='ltr'>ignem</span> <span class='ocrx_word' id='word_1_159' title='bbox 808 2155 980 2211; x_wconf 86' lang='lat' dir='ltr'>accendere</span> <span class='ocrx_word' id='word_1_160' title='bbox 1003 2156 1068 2212; x_wconf 89' lang='lat' dir='ltr'>eius</span> <span class='ocrx_word' id='word_1_161' title='bbox 1092 2158 1211 2230; x_wconf 92' lang='lat' dir='ltr'>estqui</span> <span class='ocrx_word' id='word_1_162' title='bbox 1235 2157 1278 2213; x_wconf 89' lang='lat' dir='ltr'>rei</span> <span class='ocrx_word' id='word_1_163' title='bbox 1300 2157 1422 2215; x_wconf 90' lang='lat' dir='ltr'>divinae</span> <span class='ocrx_word' id='word_1_164' title='bbox 1442 2176 1537 2234; x_wconf 90' lang='lat' dir='ltr'>prae·</span> 
     </span>
     <span class='ocr_line' id='line_1_18' title="bbox 232 2255 1539 2335; baseline 0.002 -18"><span class='ocrx_word' id='word_1_165' title='bbox 232 2268 289 2319; x_wconf 84' lang='lat' dir='ltr'>est.</span> <span class='ocrx_word' id='word_1_166' title='bbox 335 2258 474 2314; x_wconf 89' lang='lat' dir='ltr'>homines</span> <span class='ocrx_word' id='word_1_167' title='bbox 497 2255 590 2310; x_wconf 91' lang='lat' dir='ltr'>modo</span> <span class='ocrx_word' id='word_1_168' title='bbox 608 2255 722 2329; x_wconf 90' lang='lat' dir='ltr'>volgari</span> <span class='ocrx_word' id='word_1_169' title='bbox 745 2256 925 2329; x_wconf 91' lang='lat' dir='ltr'>procedunt,</span> <span class='ocrx_word' id='word_1_170' title='bbox 948 2256 1069 2314; x_wconf 90' lang='lat' dir='ltr'>hostiae</span> <span class='ocrx_word' id='word_1_171' title='bbox 1092 2258 1132 2313; x_wconf 90' lang='lat' dir='ltr'>ad</span> <span class='ocrx_word' id='word_1_172' title='bbox 1151 2275 1294 2333; x_wconf 89' lang='lat' dir='ltr'>campum</span> <span class='ocrx_word' id='word_1_173' title='bbox 1314 2277 1377 2316; x_wconf 91' lang='lat' dir='ltr'>non</span> <span class='ocrx_word' id='word_1_174' title='bbox 1399 2270 1539 2335; x_wconf 88' lang='lat' dir='ltr'>aguntur</span> 
     </span>
     <span class='ocr_line' id='line_1_19' title="bbox 233 2357 1573 2435; baseline 0.004 -21"><span class='ocrx_word' id='word_1_175' title='bbox 233 2359 431 2435; x_wconf 87' lang='lat' dir='ltr'>propellendo</span> <span class='ocrx_word' id='word_1_176' title='bbox 455 2358 512 2415; x_wconf 91' lang='lat' dir='ltr'>sed</span> <span class='ocrx_word' id='word_1_177' title='bbox 537 2357 701 2430; x_wconf 90' lang='lat' dir='ltr'>gestando,</span> <span class='ocrx_word' id='word_1_178' title='bbox 736 2357 899 2430; x_wconf 88' lang='lat' dir='ltr'>impositae</span> <span class='ocrx_word' id='word_1_179' title='bbox 932 2357 1059 2415; x_wconf 87' lang='lat' dir='ltr'>lecticae</span> <span class='ocrx_word' id='word_1_180' title='bbox 1088 2359 1210 2416; x_wconf 90' lang='lat' dir='ltr'>cuidam</span> <span class='ocrx_word' id='word_1_181' title='bbox 1232 2369 1286 2417; x_wconf 91' lang='lat' dir='ltr'>aut</span> <span class='ocrx_word' id='word_1_182' title='bbox 1307 2360 1446 2418; x_wconf 88' lang='lat' dir='ltr'>vehiculo</span> <span class='ocrx_word' id='word_1_183' title='bbox 1473 2361 1536 2419; x_wconf 84' lang='lat' dir='ltr'>ior·</span> <span class='ocrx_word' id='word_1_184' title='bbox 1570 2394 1573 2399; x_wconf 94' lang='lat'>·</span> 
     </span>
     <span class='ocr_line' id='line_1_20' title="bbox 232 2456 1538 2539; baseline 0.005 -22"><span class='ocrx_word' id='word_1_185' title='bbox 232 2480 301 2519; x_wconf 87' lang='lat' dir='ltr'>mae</span> <span class='ocrx_word' id='word_1_186' title='bbox 324 2460 456 2518; x_wconf 87' lang='lat' dir='ltr'>scalaris.</span> <span class='ocrx_word' id='word_1_187' title='bbox 498 2477 570 2515; x_wconf 88' lang='lat' dir='ltr'>nam</span> <span class='ocrx_word' id='word_1_188' title='bbox 592 2458 688 2514; x_wconf 82' lang='lat' dir='ltr'>kletre</span> <span class='ocrx_word' id='word_1_189' title='bbox 711 2459 921 2532; x_wconf 89' lang='lat' dir='ltr'>comparanda</span> <span class='ocrx_word' id='word_1_190' title='bbox 944 2477 1014 2516; x_wconf 91' lang='lat' dir='ltr'>cum</span> <span class='ocrx_word' id='word_1_191' title='bbox 1035 2456 1124 2534; x_wconf 80' lang='grc' dir='ltr'>κλίνη</span> <span class='ocrx_word' id='word_1_192' title='bbox 1147 2457 1277 2536; x_wconf 87' lang='grc' dir='ltr'>κλιντήρ</span> <span class='ocrx_word' id='word_1_193' title='bbox 1299 2457 1389 2521; x_wconf 80' lang='grc' dir='ltr'>κλίτα</span> <span class='ocrx_word' id='word_1_194' title='bbox 1411 2460 1538 2539; x_wconf 76' lang='grc' dir='ltr'>κλίμαξ,</span> 
     </span>
     <span class='ocr_line' id='line_1_21' title="bbox 232 2556 1540 2637; baseline 0.003 -19"><span class='ocrx_word' id='word_1_195' title='bbox 232 2580 251 2618; x_wconf 88' lang='lat' dir='ltr'>a</span> <span class='ocrx_word' id='word_1_196' title='bbox 273 2562 369 2618; x_wconf 90' lang='lat' dir='ltr'>cletra</span> <span class='ocrx_word' id='word_1_197' title='bbox 393 2560 439 2616; x_wconf 88' lang='lat' dir='ltr'>vel</span> <span class='ocrx_word' id='word_1_198' title='bbox 464 2559 549 2617; x_wconf 91' lang='lat' dir='ltr'>clitra</span> <span class='ocrx_word' id='word_1_199' title='bbox 573 2567 699 2615; x_wconf 88' lang='lat' dir='ltr'>exortae</span> <span class='ocrx_word' id='word_1_200' title='bbox 717 2568 788 2614; x_wconf 91' lang='lat' dir='ltr'>sunt</span> <span class='ocrx_word' id='word_1_201' title='bbox 805 2558 946 2625; x_wconf 88' lang='lat' dir='ltr'>clitellae,</span> <span class='ocrx_word' id='word_1_202' title='bbox 970 2556 1125 2633; x_wconf 86' lang='grc' dir='ltr'>κανθήλια</span> <span class='ocrx_word' id='word_1_203' title='bbox 1142 2561 1251 2635; x_wconf 91' lang='lat' dir='ltr'>quibus</span> <span class='ocrx_word' id='word_1_204' title='bbox 1270 2562 1343 2637; x_wconf 89' lang='lat' dir='ltr'>equi</span> <span class='ocrx_word' id='word_1_205' title='bbox 1357 2562 1430 2619; x_wconf 92' lang='lat' dir='ltr'>muli</span> <span class='ocrx_word' id='word_1_206' title='bbox 1453 2565 1540 2622; x_wconf 88' lang='lat' dir='ltr'>asini</span> 
     </span>
     <span class='ocr_line' id='line_1_22' title="bbox 233 2660 1538 2733; baseline 0.004 -15"><span class='ocrx_word' id='word_1_207' title='bbox 233 2680 327 2718; x_wconf 89' lang='lat' dir='ltr'>onera</span> <span class='ocrx_word' id='word_1_208' title='bbox 348 2660 472 2727; x_wconf 86' lang='lat' dir='ltr'>vehunt,</span> <span class='ocrx_word' id='word_1_209' title='bbox 496 2669 530 2717; x_wconf 92' lang='lat' dir='ltr'>ut</span> <span class='ocrx_word' id='word_1_210' title='bbox 553 2677 570 2715; x_wconf 93' lang='lat' dir='ltr'>a</span> <span class='ocrx_word' id='word_1_211' title='bbox 594 2676 689 2733; x_wconf 88' lang='lat' dir='ltr'>puera</span> <span class='ocrx_word' id='word_1_212' title='bbox 712 2660 840 2733; x_wconf 90' lang='lat' dir='ltr'>puellae,</span> <span class='ocrx_word' id='word_1_213' title='bbox 865 2680 883 2716; x_wconf 91' lang='lat' dir='ltr'>a</span> <span class='ocrx_word' id='word_1_214' title='bbox 907 2660 1041 2717; x_wconf 83' lang='lat' dir='ltr'>fenestra</span> <span class='ocrx_word' id='word_1_215' title='bbox 1065 2660 1237 2731; x_wconf 86' lang='lat' dir='ltr'>fenestella,</span> <span class='ocrx_word' id='word_1_216' title='bbox 1271 2663 1310 2718; x_wconf 89' lang='lat' dir='ltr'>ab</span> <span class='ocrx_word' id='word_1_217' title='bbox 1332 2671 1399 2720; x_wconf 90' lang='lat' dir='ltr'>atra</span> <span class='ocrx_word' id='word_1_218' title='bbox 1419 2663 1538 2726; x_wconf 86' lang='lat' dir='ltr'>Atella.</span> 
     </span>
     <span class='ocr_line' id='line_1_23' title="bbox 232 2760 1538 2839; baseline 0.004 -20"><span class='ocrx_word' id='word_1_219' title='bbox 232 2765 356 2819; x_wconf 90' lang='lat' dir='ltr'>verbum</span> <span class='ocrx_word' id='word_1_220' title='bbox 378 2762 561 2837; x_wconf 87' lang='lat' dir='ltr'>gestationis</span> <span class='ocrx_word' id='word_1_221' title='bbox 578 2761 694 2835; x_wconf 85' lang='lat' dir='ltr'>duplex</span> <span class='ocrx_word' id='word_1_222' title='bbox 717 2769 773 2828; x_wconf 87' lang='lat' dir='ltr'>est,</span> <span class='ocrx_word' id='word_1_223' title='bbox 799 2761 926 2818; x_wconf 88' lang='lat' dir='ltr'>alterum</span> <span class='ocrx_word' id='word_1_224' title='bbox 942 2761 1076 2836; x_wconf 89' lang='lat' dir='ltr'>speciale</span> <span class='ocrx_word' id='word_1_225' title='bbox 1082 2760 1211 2839; x_wconf 78' lang='lat' dir='ltr'>fcrtula,</span> <span class='ocrx_word' id='word_1_226' title='bbox 1235 2764 1381 2838; x_wconf 90' lang='lat' dir='ltr'>generale</span> <span class='ocrx_word' id='word_1_227' title='bbox 1401 2764 1538 2824; x_wconf 85' lang='lat' dir='ltr'>alterum</span> 
     </span>
     <span class='ocr_line' id='line_1_24' title="bbox 232 2859 1538 2939; baseline 0.005 -19"><span class='ocrx_word' id='word_1_228' title='bbox 232 2866 335 2924; x_wconf 82' lang='lat' dir='ltr'>nz&#39;tuta.</span> <span class='ocrx_word' id='word_1_229' title='bbox 380 2864 519 2920; x_wconf 89' lang='lat' dir='ltr'>centiens</span> <span class='ocrx_word' id='word_1_230' title='bbox 535 2863 614 2919; x_wconf 86' lang='lat' dir='ltr'>haec</span> <span class='ocrx_word' id='word_1_231' title='bbox 626 2861 738 2917; x_wconf 87' lang='lat' dir='ltr'>Graeci</span> <span class='ocrx_word' id='word_1_232' title='bbox 752 2861 945 2936; x_wconf 90' lang='lat' dir='ltr'>Romanique</span> <span class='ocrx_word' id='word_1_233' title='bbox 961 2863 1163 2936; x_wconf 90' lang='lat' dir='ltr'>coniungunt,</span> <span class='ocrx_word' id='word_1_234' title='bbox 1185 2861 1345 2939; x_wconf 86' lang='grc' dir='ltr'>φέροντες</span> <span class='ocrx_word' id='word_1_235' title='bbox 1364 2862 1417 2925; x_wconf 82' lang='grc' dir='ltr'>καὶ</span> <span class='ocrx_word' id='word_1_236' title='bbox 1435 2859 1538 2939; x_wconf 83' lang='grc' dir='ltr'>ἄγον·</span> 
     </span>
     <span class='ocr_line' id='line_1_25' title="bbox 230 2950 1538 3042; baseline -0.002 -16"><span class='ocrx_word' id='word_1_237' title='bbox 230 2984 285 3042; x_wconf 86' lang='grc' dir='ltr'>τες</span> <span class='ocrx_word' id='word_1_238' title='bbox 307 2962 364 3026; x_wconf 83' lang='grc' dir='ltr'>εἴτι</span> <span class='ocrx_word' id='word_1_239' title='bbox 386 2962 524 3037; x_wconf 80' lang='grc' dir='ltr'>ἕκαστος</span> <span class='ocrx_word' id='word_1_240' title='bbox 548 2957 640 3037; x_wconf 75' lang='grc' dir='ltr'>εἶχεν,</span> <span class='ocrx_word' id='word_1_241' title='bbox 664 2980 741 3035; x_wconf 86' lang='lat' dir='ltr'>quae</span> <span class='ocrx_word' id='word_1_242' title='bbox 754 2959 845 3036; x_wconf 80' lang='lat' dir='ltr'>serre</span> <span class='ocrx_word' id='word_1_243' title='bbox 866 2950 950 3036; x_wconf 81' lang='lat' dir='ltr'>atque</span> <span class='ocrx_word' id='word_1_244' title='bbox 966 2982 1055 3037; x_wconf 85' lang='lat' dir='ltr'>agere</span> <span class='ocrx_word' id='word_1_245' title='bbox 1064 2971 1184 3037; x_wconf 78' lang='lat' dir='ltr'>possent</span> <span class='ocrx_word' id='word_1_246' title='bbox 1196 2973 1274 3038; x_wconf 87' lang='lat' dir='ltr'>prae</span> <span class='ocrx_word' id='word_1_247' title='bbox 1288 2983 1317 3020; x_wconf 90' lang='lat' dir='ltr'>se</span> <span class='ocrx_word' id='word_1_248' title='bbox 1332 2972 1450 3039; x_wconf 80' lang='lat' dir='ltr'>agentes</span> <span class='ocrx_word' id='word_1_249' title='bbox 1459 2976 1538 3040; x_wconf 88' lang='lat' dir='ltr'>por·</span> 
     </span>
     <span class='ocr_line' id='line_1_26' title="bbox 231 3063 1537 3140; baseline 0.001 -17"><span class='ocrx_word' id='word_1_250' title='bbox 231 3074 387 3140; x_wconf 74' lang='lat' dir='ltr'>tentetque,</span> <span class='ocrx_word' id='word_1_251' title='bbox 411 3064 483 3121; x_wconf 82' lang='lat' dir='ltr'>belli</span> <span class='ocrx_word' id='word_1_252' title='bbox 494 3065 612 3138; x_wconf 82' lang='lat' dir='ltr'>praeda</span> <span class='ocrx_word' id='word_1_253' title='bbox 627 3082 783 3137; x_wconf 85' lang='lat' dir='ltr'>rerumque</span> <span class='ocrx_word' id='word_1_254' title='bbox 798 3082 872 3136; x_wconf 82' lang='lat' dir='ltr'>quae</span> <span class='ocrx_word' id='word_1_255' title='bbox 884 3063 974 3140; x_wconf 79' lang='lat' dir='ltr'>ferri</span> <span class='ocrx_word' id='word_1_256' title='bbox 993 3065 1101 3138; x_wconf 81' lang='lat' dir='ltr'>agique</span> <span class='ocrx_word' id='word_1_257' title='bbox 1117 3071 1243 3137; x_wconf 84' lang='lat' dir='ltr'>possent,</span> <span class='ocrx_word' id='word_1_258' title='bbox 1267 3064 1412 3121; x_wconf 89' lang='lat' dir='ltr'>hostilem</span> <span class='ocrx_word' id='word_1_259' title='bbox 1431 3066 1537 3124; x_wconf 89' lang='lat' dir='ltr'>incur·</span> 
     </span>
     <span class='ocr_line' id='line_1_27' title="bbox 232 3159 1544 3241; baseline 0 -16"><span class='ocrx_word' id='word_1_260' title='bbox 232 3171 349 3225; x_wconf 89' lang='lat' dir='ltr'>sionem</span> <span class='ocrx_word' id='word_1_261' title='bbox 373 3184 410 3222; x_wconf 87' lang='lat' dir='ltr'>ac</span> <span class='ocrx_word' id='word_1_262' title='bbox 430 3166 637 3240; x_wconf 88' lang='lat' dir='ltr'>direptionem</span> <span class='ocrx_word' id='word_1_263' title='bbox 667 3166 873 3239; x_wconf 85' lang='lat' dir='ltr'>depingentes</span> <span class='ocrx_word' id='word_1_264' title='bbox 901 3162 1041 3240; x_wconf 86' lang='grc' dir='ltr'>φέρουσι</span> <span class='ocrx_word' id='word_1_265' title='bbox 1072 3181 1107 3224; x_wconf 89' lang='grc' dir='ltr'>τε</span> <span class='ocrx_word' id='word_1_266' title='bbox 1137 3162 1188 3224; x_wconf 86' lang='grc' dir='ltr'>καὶ</span> <span class='ocrx_word' id='word_1_267' title='bbox 1210 3159 1327 3237; x_wconf 89' lang='grc' dir='ltr'>ἄγουσι</span> <span class='ocrx_word' id='word_1_268' title='bbox 1348 3162 1388 3225; x_wconf 87' lang='grc' dir='ltr'>τὰ</span> <span class='ocrx_word' id='word_1_269' title='bbox 1410 3161 1474 3241; x_wconf 88' lang='grc' dir='ltr'>σά,</span> <span class='ocrx_word' id='word_1_270' title='bbox 1507 3166 1544 3225; x_wconf 80' lang='lat' dir='ltr'>hi</span> 
     </span>
     <span class='ocr_line' id='line_1_28' title="bbox 224 3265 1539 3344; baseline -0.001 -18"><span class='ocrx_word' id='word_1_271' title='bbox 224 3267 315 3344; x_wconf 84' lang='lat' dir='ltr'>serre</span> <span class='ocrx_word' id='word_1_272' title='bbox 339 3287 427 3343; x_wconf 85' lang='lat' dir='ltr'>agere</span> <span class='ocrx_word' id='word_1_273' title='bbox 443 3267 556 3342; x_wconf 85' lang='lat' dir='ltr'>plebem</span> <span class='ocrx_word' id='word_1_274' title='bbox 572 3266 724 3340; x_wconf 73' lang='lat' dir='ltr'>plebesque</span> <span class='ocrx_word' id='word_1_275' title='bbox 745 3283 801 3334; x_wconf 86' lang='lat' dir='ltr'>res,</span> <span class='ocrx_word' id='word_1_276' title='bbox 835 3283 915 3340; x_wconf 86' lang='lat' dir='ltr'>quae</span> <span class='ocrx_word' id='word_1_277' title='bbox 947 3266 1090 3340; x_wconf 89' lang='lat' dir='ltr'>exempla</span> <span class='ocrx_word' id='word_1_278' title='bbox 1114 3266 1179 3323; x_wconf 90' lang='lat' dir='ltr'>aliis</span> <span class='ocrx_word' id='word_1_279' title='bbox 1204 3267 1369 3323; x_wconf 90' lang='lat' dir='ltr'>cumulavit</span> <span class='ocrx_word' id='word_1_280' title='bbox 1392 3265 1539 3325; x_wconf 83' lang='lat' dir='ltr'>Draken-</span> 
     </span>
     <span class='ocr_line' id='line_1_29' title="bbox 233 3366 1537 3442; baseline 0.001 -15"><span class='ocrx_word' id='word_1_281' title='bbox 233 3371 374 3427; x_wconf 89' lang='lat' dir='ltr'>borchius</span> <span class='ocrx_word' id='word_1_282' title='bbox 397 3371 427 3425; x_wconf 90' lang='lat' dir='ltr'>in</span> <span class='ocrx_word' id='word_1_283' title='bbox 451 3369 536 3427; x_wconf 91' lang='lat' dir='ltr'>Livio</span> <span class='ocrx_word' id='word_1_284' title='bbox 561 3367 700 3424; x_wconf 90' lang='lat' dir='ltr'>XXXIII</span> <span class='ocrx_word' id='word_1_285' title='bbox 726 3369 836 3434; x_wconf 90' lang='lat'>13,10.</span> <span class='ocrx_word' id='word_1_286' title='bbox 880 3368 920 3422; x_wconf 88' lang='lat' dir='ltr'>de</span> <span class='ocrx_word' id='word_1_287' title='bbox 946 3367 1193 3423; x_wconf 87' lang='lat' dir='ltr'>suovitaurilibus</span> <span class='ocrx_word' id='word_1_288' title='bbox 1218 3366 1299 3425; x_wconf 90' lang='lat' dir='ltr'>Cato</span> <span class='ocrx_word' id='word_1_289' title='bbox 1323 3369 1362 3424; x_wconf 88' lang='lat' dir='ltr'>de</span> <span class='ocrx_word' id='word_1_290' title='bbox 1378 3368 1443 3442; x_wconf 87' lang='lat' dir='ltr'>agri</span> <span class='ocrx_word' id='word_1_291' title='bbox 1459 3370 1537 3432; x_wconf 91' lang='lat' dir='ltr'>cult.</span> 
     </span>
     <span class='ocr_line' id='line_1_30' title="bbox 177 3464 1536 3543; baseline -0.003 -11"><span class='ocrx_word' id='word_1_292' title='bbox 177 3527 181 3533; x_wconf 88' lang='lat'>.</span> <span class='ocrx_word' id='word_1_293' title='bbox 234 3475 290 3530; x_wconf 78' lang='grc'>141</span> <span class='ocrx_word' id='word_1_294' title='bbox 314 3472 376 3527; x_wconf 82' lang='lat' dir='ltr'>sz&#39;oe</span> <span class='ocrx_word' id='word_1_295' title='bbox 398 3472 506 3527; x_wconf 81' lang='lat' dir='ltr'>circum</span> <span class='ocrx_word' id='word_1_296' title='bbox 530 3469 586 3543; x_wconf 86' lang='lat' dir='ltr'>agi</span> <span class='ocrx_word' id='word_1_297' title='bbox 604 3464 664 3523; x_wconf 76' lang='lat' dir='ltr'>sr&#39;rie</span> <span class='ocrx_word' id='word_1_298' title='bbox 687 3468 795 3523; x_wconf 84' lang='lat' dir='ltr'>circum</span> <span class='ocrx_word' id='word_1_299' title='bbox 809 3465 943 3542; x_wconf 85' lang='lat' dir='ltr'>serenda</span> <span class='ocrx_word' id='word_1_300' title='bbox 966 3485 1086 3523; x_wconf 83' lang='lat' dir='ltr'>censear.</span> <span class='ocrx_word' id='word_1_301' title='bbox 1132 3468 1312 3526; x_wconf 87' lang='lat' dir='ltr'>Ammonius</span> <span class='ocrx_word' id='word_1_302' title='bbox 1335 3469 1361 3525; x_wconf 90' lang='lat' dir='ltr'>si</span> <span class='ocrx_word' id='word_1_303' title='bbox 1383 3468 1468 3527; x_wconf 90' lang='lat' dir='ltr'>hunc</span> <span class='ocrx_word' id='word_1_304' title='bbox 1489 3470 1536 3528; x_wconf 88' lang='lat' dir='ltr'>io·</span> 
     </span>
     <span class='ocr_line' id='line_1_31' title="bbox 232 3570 1538 3646; baseline 0.002 -20"><span class='ocrx_word' id='word_1_305' title='bbox 232 3589 300 3627; x_wconf 93' lang='lat' dir='ltr'>cum</span> <span class='ocrx_word' id='word_1_306' title='bbox 324 3573 588 3646; x_wconf 86' lang='lat' dir='ltr'>interpretaretur,</span> <span class='ocrx_word' id='word_1_307' title='bbox 611 3570 661 3642; x_wconf 92' lang='lat' dir='ltr'>agi</span> <span class='ocrx_word' id='word_1_308' title='bbox 687 3585 776 3625; x_wconf 90' lang='lat' dir='ltr'>ovem</span> <span class='ocrx_word' id='word_1_309' title='bbox 798 3578 935 3625; x_wconf 90' lang='lat' dir='ltr'>narraret</span> <span class='ocrx_word' id='word_1_310' title='bbox 958 3578 1067 3644; x_wconf 91' lang='lat' dir='ltr'>utpote</span> <span class='ocrx_word' id='word_1_311' title='bbox 1090 3570 1218 3643; x_wconf 85' lang='lat' dir='ltr'>animal,</span> <span class='ocrx_word' id='word_1_312' title='bbox 1252 3570 1319 3626; x_wconf 81' lang='lat' dir='ltr'>ferri</span> <span class='ocrx_word' id='word_1_313' title='bbox 1348 3570 1405 3626; x_wconf 90' lang='lat' dir='ltr'>ritu</span> <span class='ocrx_word' id='word_1_314' title='bbox 1429 3588 1538 3629; x_wconf 87' lang='lat' dir='ltr'>rerum</span> 
     </span>
     <span class='ocr_line' id='line_1_32' title="bbox 232 3665 834 3748; baseline 0.002 -19"><span class='ocrx_word' id='word_1_315' title='bbox 232 3673 332 3729; x_wconf 89' lang='lat' dir='ltr'>anima</span> <span class='ocrx_word' id='word_1_316' title='bbox 355 3673 524 3729; x_wconf 87' lang='lat' dir='ltr'>carentium</span> <span class='ocrx_word' id='word_1_317' title='bbox 546 3667 624 3746; x_wconf 81' lang='lat' dir='ltr'>(pb</span> <span class='ocrx_word' id='word_1_318' title='bbox 650 3671 700 3728; x_wconf 90' lang='lat' dir='ltr'>ed.</span> <span class='ocrx_word' id='word_1_319' title='bbox 725 3665 834 3748; x_wconf 89' lang='lat' dir='ltr'>Lips.).</span> 
     </span>
    </p>

    <p class='ocr_par' dir='ltr' id='par_1_6' title="bbox 231 3771 1537 4153">
     <span class='ocr_line' id='line_1_33' title="bbox 335 3771 1536 3846; baseline 0 -15"><span class='ocrx_word' id='word_1_320' title='bbox 335 3776 372 3831; x_wconf 86' lang='grc'>14</span> <span class='ocrx_word' id='word_1_321' title='bbox 395 3773 465 3829; x_wconf 76' lang='lat' dir='ltr'>erut</span> <span class='ocrx_word' id='word_1_322' title='bbox 489 3791 578 3828; x_wconf 87' lang='lat' dir='ltr'>esunu</span> <span class='ocrx_word' id='word_1_323' title='bbox 595 3771 741 3828; x_wconf 88' lang='lat' dir='ltr'>feminina</span> <span class='ocrx_word' id='word_1_324' title='bbox 758 3773 799 3828; x_wconf 90' lang='lat' dir='ltr'>ad</span> <span class='ocrx_word' id='word_1_325' title='bbox 815 3771 937 3828; x_wconf 80' lang='lat' dir='ltr'>kletrurn</span> <span class='ocrx_word' id='word_1_326' title='bbox 962 3773 1117 3846; x_wconf 87' lang='lat' dir='ltr'>adposita,</span> <span class='ocrx_word' id='word_1_327' title='bbox 1141 3781 1174 3828; x_wconf 92' lang='lat' dir='ltr'>ut</span> <span class='ocrx_word' id='word_1_328' title='bbox 1190 3777 1287 3829; x_wconf 85' lang='lat' dir='ltr'>etuntu</span> <span class='ocrx_word' id='word_1_329' title='bbox 1306 3778 1393 3831; x_wconf 87' lang='lat' dir='ltr'>mutu.</span> <span class='ocrx_word' id='word_1_330' title='bbox 1420 3771 1536 3831; x_wconf 86' lang='lat' dir='ltr'>lectica</span> 
     </span>
     <span class='ocr_line' id='line_1_34' title="bbox 231 3871 1537 3949; baseline 0 -18"><span class='ocrx_word' id='word_1_331' title='bbox 231 3892 291 3948; x_wconf 88' lang='lat' dir='ltr'>qua</span> <span class='ocrx_word' id='word_1_332' title='bbox 317 3874 436 3931; x_wconf 90' lang='lat' dir='ltr'>hostiae</span> <span class='ocrx_word' id='word_1_333' title='bbox 457 3874 641 3949; x_wconf 90' lang='lat' dir='ltr'>deportatae</span> <span class='ocrx_word' id='word_1_334' title='bbox 665 3882 736 3930; x_wconf 90' lang='lat' dir='ltr'>sunt</span> <span class='ocrx_word' id='word_1_335' title='bbox 752 3874 818 3947; x_wconf 92' lang='lat' dir='ltr'>ipsa</span> <span class='ocrx_word' id='word_1_336' title='bbox 834 3891 956 3948; x_wconf 92' lang='lat' dir='ltr'>quoque</span> <span class='ocrx_word' id='word_1_337' title='bbox 973 3873 1020 3930; x_wconf 89' lang='lat' dir='ltr'>dis</span> <span class='ocrx_word' id='word_1_338' title='bbox 1037 3874 1217 3931; x_wconf 90' lang='lat' dir='ltr'>destinatur.</span> <span class='ocrx_word' id='word_1_339' title='bbox 1253 3873 1312 3930; x_wconf 90' lang='lat' dir='ltr'>huc</span> <span class='ocrx_word' id='word_1_340' title='bbox 1328 3871 1428 3930; x_wconf 84' lang='lat' dir='ltr'>refero</span> <span class='ocrx_word' id='word_1_341' title='bbox 1443 3875 1537 3948; x_wconf 91' lang='lat' dir='ltr'>quod</span> 
     </span>
     <span class='ocr_line' id='line_1_35' title="bbox 231 3974 1537 4051; baseline 0.002 -20"><span class='ocrx_word' id='word_1_342' title='bbox 231 3976 261 4032; x_wconf 89' lang='lat' dir='ltr'>in</span> <span class='ocrx_word' id='word_1_343' title='bbox 284 3976 342 4031; x_wconf 87' lang='lat' dir='ltr'>line</span> <span class='ocrx_word' id='word_1_344' title='bbox 365 3984 566 4051; x_wconf 89' lang='lat' dir='ltr'>praeceptum</span> <span class='ocrx_word' id='word_1_345' title='bbox 588 3985 635 4031; x_wconf 88' lang='lat' dir='ltr'>est</span> <span class='ocrx_word' id='word_1_346' title='bbox 658 3993 747 4030; x_wconf 87' lang='lat' dir='ltr'>esunu</span> <span class='ocrx_word' id='word_1_347' title='bbox 770 3977 865 4042; x_wconf 75' lang='lat' dir='ltr'>udetn,</span> <span class='ocrx_word' id='word_1_348' title='bbox 899 3974 1008 4031; x_wconf 89' lang='lat' dir='ltr'>lectica</span> <span class='ocrx_word' id='word_1_349' title='bbox 1041 3975 1121 4030; x_wconf 92' lang='lat' dir='ltr'>enim</span> <span class='ocrx_word' id='word_1_350' title='bbox 1149 3992 1186 4029; x_wconf 92' lang='lat' dir='ltr'>ex</span> <span class='ocrx_word' id='word_1_351' title='bbox 1217 3992 1278 4048; x_wconf 90' lang='lat' dir='ltr'>qua</span> <span class='ocrx_word' id='word_1_352' title='bbox 1308 3991 1360 4030; x_wconf 87' lang='lat' dir='ltr'>ara</span> <span class='ocrx_word' id='word_1_353' title='bbox 1380 3974 1537 4035; x_wconf 84' lang='lat' dir='ltr'>subitaria</span> 
     </span>
     <span class='ocr_line' id='line_1_36' title="bbox 231 4066 1407 4153; baseline -0.002 -20"><span class='ocrx_word' id='word_1_354' title='bbox 231 4088 386 4136; x_wconf 89' lang='lat' dir='ltr'>exstructa</span> <span class='ocrx_word' id='word_1_355' title='bbox 408 4087 484 4145; x_wconf 90' lang='lat' dir='ltr'>erat,</span> <span class='ocrx_word' id='word_1_356' title='bbox 506 4098 545 4135; x_wconf 88' lang='lat' dir='ltr'>ne</span> <span class='ocrx_word' id='word_1_357' title='bbox 571 4087 682 4153; x_wconf 89' lang='lat' dir='ltr'>postea</span> <span class='ocrx_word' id='word_1_358' title='bbox 703 4078 889 4153; x_wconf 87' lang='lat' dir='ltr'>profanetur,</span> <span class='ocrx_word' id='word_1_359' title='bbox 915 4077 1044 4136; x_wconf 87' lang='lat' dir='ltr'>flammis</span> <span class='ocrx_word' id='word_1_360' title='bbox 1067 4077 1256 4152; x_wconf 88' lang='lat' dir='ltr'>permittitur.</span> <span class='ocrx_word' id='word_1_361' title='bbox 1405 4066 1407 4071; x_wconf 63' lang='grc'><strong>’</strong></span> 
     </span>
    </p>

    <p class='ocr_par' dir='ltr' id='par_1_7' title="bbox 230 4176 1537 4558">
     <span class='ocr_line' id='line_1_37' title="bbox 331 4176 1536 4254; baseline 0.001 -20"><span class='ocrx_word' id='word_1_362' title='bbox 331 4179 431 4253; x_wconf 86' lang='lat' dir='ltr'>tuplek</span> <span class='ocrx_word' id='word_1_363' title='bbox 454 4181 496 4236; x_wconf 90' lang='lat' dir='ltr'>ad</span> <span class='ocrx_word' id='word_1_364' title='bbox 520 4180 650 4238; x_wconf 90' lang='lat' dir='ltr'>litteram</span> <span class='ocrx_word' id='word_1_365' title='bbox 673 4181 785 4254; x_wconf 86' lang='lat' dir='ltr'>duplex</span> <span class='ocrx_word' id='word_1_366' title='bbox 805 4179 852 4234; x_wconf 88' lang='lat' dir='ltr'>vel</span> <span class='ocrx_word' id='word_1_367' title='bbox 886 4176 1031 4239; x_wconf 84' lang='grc' dir='ltr'>δίπλακα.</span> <span class='ocrx_word' id='word_1_368' title='bbox 1077 4179 1246 4253; x_wconf 85' lang='lat' dir='ltr'>Aeschylus</span> <span class='ocrx_word' id='word_1_369' title='bbox 1270 4177 1353 4235; x_wconf 84' lang='lat' dir='ltr'>Pers</span> <span class='ocrx_word' id='word_1_370' title='bbox 1379 4177 1441 4235; x_wconf 80' lang='lat'>275</span> <span class='ocrx_word' id='word_1_371' title='bbox 1464 4192 1536 4235; x_wconf 89' lang='lat' dir='ltr'>cor·</span> 
     </span>
     <span class='ocr_line' id='line_1_38' title="bbox 232 4272 1536 4355; baseline 0.001 -17"><span class='ocrx_word' id='word_1_372' title='bbox 232 4299 308 4355; x_wconf 91' lang='lat' dir='ltr'>pora</span> <span class='ocrx_word' id='word_1_373' title='bbox 330 4289 518 4337; x_wconf 91' lang='lat' dir='ltr'>mortuorum</span> <span class='ocrx_word' id='word_1_374' title='bbox 541 4281 631 4338; x_wconf 91' lang='lat' dir='ltr'>maris</span> <span class='ocrx_word' id='word_1_375' title='bbox 654 4282 744 4337; x_wconf 91' lang='lat' dir='ltr'>undis</span> <span class='ocrx_word' id='word_1_376' title='bbox 767 4282 886 4354; x_wconf 89' lang='lat' dir='ltr'>agitata</span> <span class='ocrx_word' id='word_1_377' title='bbox 922 4279 991 4336; x_wconf 84' lang='lat' dir='ltr'>ferri</span> <span class='ocrx_word' id='word_1_378' title='bbox 1025 4280 1128 4336; x_wconf 89' lang='lat' dir='ltr'>scribit</span> <span class='ocrx_word' id='word_1_379' title='bbox 1161 4277 1336 4351; x_wconf 88' lang='grc' dir='ltr'>πλαγκτοῑς</span> <span class='ocrx_word' id='word_1_380' title='bbox 1360 4272 1395 4337; x_wconf 80' lang='grc' dir='ltr'>ἐν</span> <span class='ocrx_word' id='word_1_381' title='bbox 1419 4274 1536 4339; x_wconf 84' lang='grc' dir='ltr'>διπλά-</span> 
     </span>
     <span class='ocr_line' id='line_1_39' title="bbox 230 4376 1537 4456; baseline -0.002 -14"><span class='ocrx_word' id='word_1_382' title='bbox 230 4393 352 4456; x_wconf 78' lang='grc' dir='ltr'>κεσσιν,</span> <span class='ocrx_word' id='word_1_383' title='bbox 375 4376 556 4456; x_wconf 89' lang='lat' dir='ltr'>interpretes</span> <span class='ocrx_word' id='word_1_384' title='bbox 580 4382 700 4456; x_wconf 91' lang='lat' dir='ltr'>litigant</span> <span class='ocrx_word' id='word_1_385' title='bbox 721 4391 821 4438; x_wconf 92' lang='lat' dir='ltr'>utrum</span> <span class='ocrx_word' id='word_1_386' title='bbox 844 4390 964 4438; x_wconf 91' lang='lat' dir='ltr'>aestum</span> <span class='ocrx_word' id='word_1_387' title='bbox 987 4381 1138 4437; x_wconf 91' lang='lat' dir='ltr'>undarum</span> <span class='ocrx_word' id='word_1_388' title='bbox 1167 4398 1206 4437; x_wconf 92' lang='lat' dir='ltr'>an</span> <span class='ocrx_word' id='word_1_389' title='bbox 1238 4378 1397 4435; x_wconf 90' lang='lat' dir='ltr'>Persarum</span> <span class='ocrx_word' id='word_1_390' title='bbox 1427 4388 1537 4439; x_wconf 86' lang='lat' dir='ltr'>vestes</span> 
     </span>
     <span class='ocr_line' id='line_1_40' title="bbox 231 4478 1536 4558; baseline 0.001 -18"><span class='ocrx_word' id='word_1_391' title='bbox 231 4503 271 4541; x_wconf 90' lang='lat' dir='ltr'>an</span> <span class='ocrx_word' id='word_1_392' title='bbox 292 4485 395 4541; x_wconf 90' lang='lat' dir='ltr'>trabes</span> <span class='ocrx_word' id='word_1_393' title='bbox 417 4484 542 4540; x_wconf 90' lang='lat' dir='ltr'>navales</span> <span class='ocrx_word' id='word_1_394' title='bbox 564 4491 657 4557; x_wconf 88' lang='lat' dir='ltr'>poeta</span> <span class='ocrx_word' id='word_1_395' title='bbox 680 4483 839 4558; x_wconf 90' lang='lat' dir='ltr'>cogitarit,</span> <span class='ocrx_word' id='word_1_396' title='bbox 875 4501 934 4557; x_wconf 89' lang='lat' dir='ltr'>ego</span> <span class='ocrx_word' id='word_1_397' title='bbox 958 4482 1094 4539; x_wconf 89' lang='lat' dir='ltr'>Stanleio</span> <span class='ocrx_word' id='word_1_398' title='bbox 1116 4481 1212 4555; x_wconf 85' lang='lat' dir='ltr'>magis</span> <span class='ocrx_word' id='word_1_399' title='bbox 1234 4498 1326 4555; x_wconf 91' lang='lat' dir='ltr'>quam</span> <span class='ocrx_word' id='word_1_400' title='bbox 1347 4478 1536 4541; x_wconf 88' lang='lat' dir='ltr'>Hermanno</span> 
     </span>
    </p>
   </div>
   <div class='ocr_carea' id='block_1_5' title="bbox 232 4576 1646 4661">
    <p class='ocr_par' dir='ltr' id='par_1_8' title="bbox 232 4576 1646 4661">
     <span class='ocr_line' id='line_1_41' title="bbox 232 4576 1646 4661; baseline 0.004 -20"><span class='ocrx_word' id='word_1_401' title='bbox 232 4584 434 4658; x_wconf 87' lang='lat' dir='ltr'>adstipulatus</span> <span class='ocrx_word' id='word_1_402' title='bbox 468 4602 506 4640; x_wconf 90' lang='lat' dir='ltr'>ex</span> <span class='ocrx_word' id='word_1_403' title='bbox 539 4585 666 4640; x_wconf 88' lang='lat' dir='ltr'>navibus</span> <span class='ocrx_word' id='word_1_404' title='bbox 699 4585 820 4642; x_wconf 87' lang='lat' dir='ltr'>relictas</span> <span class='ocrx_word' id='word_1_405' title='bbox 849 4584 971 4642; x_wconf 89' lang='lat' dir='ltr'>tabulas</span> <span class='ocrx_word' id='word_1_406' title='bbox 998 4583 1155 4657; x_wconf 89' lang='lat' dir='ltr'>intellego.</span> <span class='ocrx_word' id='word_1_407' title='bbox 1201 4581 1304 4658; x_wconf 85' lang='lat' dir='ltr'>tupluk</span> <span class='ocrx_word' id='word_1_408' title='bbox 1327 4589 1376 4638; x_wconf 88' lang='lat' dir='ltr'>est</span> <span class='ocrx_word' id='word_1_409' title='bbox 1398 4576 1537 4657; x_wconf 80' lang='grc' dir='ltr'>δίκρουν</span> <span class='ocrx_word' id='word_1_410' title='bbox 1642 4652 1646 4661; x_wconf 57' lang='grc'><strong>,</strong></span> 
     </span>
    </p>
   </div>
   <div class='ocr_carea' id='block_1_6' title="bbox 229 4681 1538 4761">
    <p class='ocr_par' dir='ltr' id='par_1_9' title="bbox 229 4681 1538 4761">
     <span class='ocr_line' id='line_1_42' title="bbox 229 4681 1538 4761; baseline -0.003 -12"><span class='ocrx_word' id='word_1_411' title='bbox 229 4681 325 4749; x_wconf 83' lang='grc' dir='ltr'>ξύλον</span> <span class='ocrx_word' id='word_1_412' title='bbox 349 4687 395 4741; x_wconf 91' lang='lat' dir='ltr'>vel</span> <span class='ocrx_word' id='word_1_413' title='bbox 418 4682 577 4761; x_wconf 83' lang='grc' dir='ltr'>δίκρανον,</span> <span class='ocrx_word' id='word_1_414' title='bbox 601 4685 683 4742; x_wconf 82' lang='lat' dir='ltr'>turca</span> <span class='ocrx_word' id='word_1_415' title='bbox 706 4695 779 4761; x_wconf 92' lang='lat' dir='ltr'>apta</span> <span class='ocrx_word' id='word_1_416' title='bbox 802 4687 844 4743; x_wconf 92' lang='lat' dir='ltr'>ad</span> <span class='ocrx_word' id='word_1_417' title='bbox 860 4686 1083 4742; x_wconf 87' lang='lat' dir='ltr'>sublevandum</span> <span class='ocrx_word' id='word_1_418' title='bbox 1103 4683 1403 4757; x_wconf 83' lang='lat' dir='ltr'>sustentandumque</span> <span class='ocrx_word' id='word_1_419' title='bbox 1426 4683 1538 4759; x_wconf 87' lang='lat' dir='ltr'>siquid</span> 
     </span>
    </p>
   </div>
   <div class='ocr_carea' id='block_1_7' title="bbox 0 0 1876 5364">
    <p class='ocr_par' dir='ltr' id='par_1_10' title="bbox 0 0 1876 5364">
     <span class='ocr_line' id='line_1_43' title="bbox 0 0 1876 5364; baseline 0 1"><span class='ocrx_word' id='word_1_420' title='bbox 0 0 1876 5364; x_wconf 95' lang='lat' dir='ltr'> </span> 
     </span>
    </p>
   </div>
  </div>
 </body>
</html>
