3742 5364
698 351 758 407 107
1182 349 1286 408 VIIA3
1300 350 1380 408 1324

76 529 165 592 feitu
201 531 375 611 popluper
416 541 508 593 totar
543 529 702 604 IiOVInar,
755 534 848 590 facito
870 552 925 608 pro
948 537 1062 609 populo
1079 537 1209 593 civitatis
1222 536 1379 610 Iguvinae,

75 641 219 712 totaper
238 629 242 712 l
263 631 407 693 Iiovina.
461 642 568 693 vatuo
596 631 704 693 ferine
756 653 811 709 pro
834 629 1121 710 eivitatellguvina.
1147 646 1238 693 vatua
1262 636 1379 692 serione

74 731 173 796 feitu.
202 734 283 813 poni
306 732 386 795 fetu.
420 732 516 794 arvio
540 732 621 796 fetu.
654 742 704 794 ta·
757 733 859 792 facito.
883 753 978 809 posca
995 736 1097 794 facito
1112 737 1195 794 arvia
1207 737 1379 796 facitote-

79 852 138 894 ses
160 834 344 913 persnimu.
389 832 581 913 prosesetIr
612 833 705 896 mefa
756 836 834 891 citus
857 839 1044 910 precamino.
1089 839 1238 911 prosectis
1267 837 1379 894 metam

79 933 192 1014 speia,
208 933 287 996 ficla
302 933 486 1005 arsveitu.l
502 944 622 995 suront
644 954 702 994 na·
722 949 734 985 5
755 936 884 1010 spelarn,
907 936 1022 994 fitillam
1045 939 1162 997 addito.
1184 935 1193 1006 l
1215 940 1288 994 item
1310 957 1378 995 nar-

77 1043 167 1106 ratu,
212 1055 297 1116 puse
340 1035 477 1098 verisco
508 1033 701 1097 'Ireblanic
754 1045 820 1092 rato
864 1046 898 1094 ut
942 1039 983 1094 ad
1021 1048 1141 1112 portam
1179 1039 1376 1098 Treblanam.

78 1155 146 1215 ape
169 1136 271 1197 traha
293 1135 417 1197 sahata
433 1125 700 1209 combifiansust,
753 1138 805 1194 ubi
821 1146 904 1195 trans
928 1148 1067 1196 sanctam
1089 1142 1289 1210 mandaverit,
1313 1151 1377 1198 tum

77 1256 182 1298 enom
205 1256 284 1298 erus
308 1233 443 1316 dirstu.l
753 1257 823 1295 erus
849 1233 950 1317 datol

121 1337 262 1399 Rubine
297 1358 406 1418 porca
439 1336 502 1399 tris
533 1336 611 1398 rofa
642 1346 701 1398 ote
795 1340 831 1397 In
853 1341 973 1398 rubinia
1005 1359 1114 1415 porcas
1144 1343 1196 1399 tris
1220 1342 1302 1398 rulas
1325 1350 1379 1398 aut

76 1439 159 1518 peia
192 1436 263 1500 fetu
296 1439 458 1500 Prestote
484 1417 597 1502 Serfie
621 1419 700 1502 Ser·
752 1443 857 1517 piceas
877 1443 970 1500 tacito
989 1442 1377 1501 PraestitaeCerfiaeCer·

77 1539 132 1601 fer
154 1538 298 1600 Martier
324 1540 497 1620 popluper
520 1549 613 1601 totar
636 1539 702 1601 Iio-
753 1543 894 1600 fiIlIartii
920 1563 974 1618 pro
1009 1546 1122 1618 populo
1149 1547 1278 1603 civitatis
1306 1546 1377 1618 Igu-

76 1641 186 1713 vinar,
210 1639 368 1720 totaperl
390 1640 520 1705 Iovina.
563 1641 703 1721 perseia
754 1646 852 1711 vinae,
865 1664 918 1718 pro
932 1640 1069 1722 civitatel
1083 1647 1093 1702 I
1096 1648 1216 1721 guvina.
1233 1645 1376 1720 pedarias

77 1740 161 1802 fetu.
190 1740 272 1820 poni
295 1739 376 1801 fetu.
413 1741 510 1802 arvio
533 1740 614 1803 fetu.
647 1761 700 1802 su·
754 1745 856 1805 tacito.
899 1764 995 1820 posca
1019 1747 1122 1806 tacito.
1167 1748 1249 1802 arvia
1272 1745 1375 1802 facito.

76 1851 156 1902 ront
170 1851 303 1913 natatu,
321 1841 398 1921 pusi
410 1861 473 1921 pre
485 1841 577 1903 verir
593 1841 701 1902 Treb-
752 1847 824 1913 item
848 1857 970 1904 narrato
1003 1856 1037 1904 ut
1059 1857 1134 1904 ante⁴
1158 1857 1279 1922 portam
1302 1847 1377 1902 Tre-

77 1941 176 2003 lanir.
248 1951 343 2003 tases
377 1940 592 2023 persnimu„l
623 1962 702 2022 pro·
722 1958 734 1995 8
754 1947 883 2004 blanam.
929 1949 1041 2005 tacitus
1074 1949 1259 2023 precamine.
1282 1940 1285 2022 l
1307 1965 1377 2022 pro·

79 2043 205 2105 sesetir
250 2043 384 2113 strusIa,
422 2041 502 2104 ficla
535 2042 699 2104 arsveitu.
753 2048 843 2104 sectis
877 2050 1064 2117 struiculam,
1109 2049 1222 2106 fitillam
1258 2050 1376 2106 addito.

77 2164 145 2225 ape
158 2164 249 2223 supo
263 2155 385 2224 postro
399 2142 702 2224 pepescuS,en0m
753 2148 804 2204 ubi
827 2168 925 2224 suppa
954 2151 1123 2224 posteriora
1142 2149 1289 2224 posuerit,
1313 2159 1376 2206 tum

75 2246 197 2325 pesclu
234 2264 370 2306 ruseme
409 2245 581 2306 vestibatu
619 2244 701 2307 Pre-
752 2250 966 2307 obsecratione
990 2253 1018 2307 in
1042 2269 1141 2307 rusem
1167 2251 1261 2307 libato
1286 2251 1376 2305 Prae·

77 2358 170 2409 stote
184 2326 294 2411 Serfie
306 2344 309 2426 l
321 2325 441 2409 Serfer
454 2345 599 2407 Martier
614 2366 700 2426 pop·
753 2351 845 2406 stitae
862 2345 994 2428 Cerfiael
1017 2351 1095 2408 Certi
1118 2352 1219 2408 Martii
1243 2370 1298 2425 pro
1320 2369 1377 2425 po·

28 2443 31 2447 ’
76 2448 178 2527 luper
223 2456 316 2508 totar
356 2447 516 2517 Iovinar,
562 2456 702 2527 totaper
753 2451 826 2524 pulo
852 2451 1151 2525 clvitatislguvinae,
1175 2470 1230 2526 pro
1254 2453 1376 2509 ciuitate

75 2548 208 2610 Iovina.
253 2568 352 2610 enom
375 2549 501 2610 vescur
529 2548 621 2608 adrir
648 2568 701 2608 ru·
753 2551 888 2624 Iguvina.
956 2561 1019 2607 turn
1057 2552 1186 2609 vasculis
1229 2555 1300 2610 atris
1346 2554 1376 2609 ln

76 2669 173 2710 seme
203 2670 263 2710 eso
297 2647 523 2729 persnihimu:
555 2647 700 2709 ‘Presto
754 2670 855 2708 rusem
900 2652 943 2707 sic
989 2655 1187 2726 precamino:
1236 2650 1375 2711 ‘Praesti-

76 2729 269 2822 talsserfia
292 2736 413 2812 Serfer
435 2747 590 2822 MartIer,
616 2748 702 2810 tiom
717 2774 740 2810 in
756 2764 786 2809 ta
815 2749 825 2820 l
851 2751 950 2809 Cerfia
988 2752 1066 2810 Cerfi
1105 2754 1216 2822 Martii,
1258 2763 1288 2811 te
1330 2755 1375 2811 his

76 2959 172 3015 voluit
194 2960 322 3015 militum
342 2959 612 3033 producendorum
635 2958 666 3012 in
689 2957 786 3012 aciem
808 2957 971 3029 dilIgenter
994 2974 1063 3012 eam
1086 2956 1212 3030 quidem
1235 2966 1373 3013 sanctam

76 3061 160 3116 vario
185 3078 339 3118 sacrorum
359 3076 484 3133 genere:
520 3075 657 3133 agnosco
680 3056 859 3114 tralaticium
882 3058 920 3113 ab
944 3058 1061 3130 orIgine
1090 3058 1246 3131 utriusque
1269 3057 1375 3132 populi
1441 3059 1445 3066 “

76 3161 203 3218 verbum
227 3180 263 3218 ac
286 3163 383 3218 ritum.

179 3265 196 3319 3
219 3261 290 3340 rofu
313 3270 344 3318 et
368 3264 385 3320 6
410 3259 489 3338 rofa,
513 3268 545 3315 at
568 3261 753 3316 vetustiores
777 3260 870 3337 rufru
892 3269 924 3316 et
950 3258 1051 3336 rusra,
1084 3259 1250 3333 permansit
1280 3259 1375 3316 invio·

75 3363 172 3419 latum
195 3363 343 3437 religione
361 3359 483 3436 Rufrer
504 3379 618 3416 nomen
631 3361 715 3417 VIA
731 3363 779 3418 14.
802 3370 908 3417 contra
927 3361 1028 3416 Latini
1051 3361 1279 3417 desuescebant
1302 3359 1375 3433 rufis

74 3463 166 3528 robis,
188 3462 402 3537 praeferebant
425 3462 537 3518 rubra:
563 3471 594 3518 at
609 3464 639 3518 in
662 3462 755 3519 sacris
772 3463 858 3518 rufuli
878 3463 955 3518 tauri
972 3462 1138 3532 (Arnobius
1154 3462 1259 3536 1168),
1282 3463 1375 3518 robus

75 3565 224 3621 iuvencus
246 3558 364 3640 (Iuven.
387 3558 514 3638 8,155),
539 3581 639 3619 verres
662 3564 774 3620 robeus
798 3560 888 3637 (CIL.
913 3562 956 3618 VI
974 3560 1059 3635 826).

178 3668 196 3724 8
222 3667 347 3738 pesclum
369 3666 429 3720 iam
453 3665 557 3737 scripsi
574 3666 667 3721 modo
683 3673 779 3721 totam
803 3665 1061 3738 supplicationem
1077 3666 1178 3722 vocari
1198 3667 1293 3722 modo
1315 3665 1373 3722 sin·

73 3767 214 3842 gularern
235 3767 461 3841 precationem,
496 3768 633 3839 precatio
657 3777 761 3822 autem
784 3784 875 3840 quam
899 3767 959 3822 late
982 3775 1089 3841 pateat
1113 3768 1279 3824 existImari
1302 3768 1371 3824 volo

74 3885 116 3923 ex
138 3869 283 3940 precandi
307 3868 396 3923 verbo
418 3864 592 3940 (perimine)
617 3870 702 3942 quod
734 3886 796 3924 non
825 3877 886 3923 tarn
909 3870 991 3924 vocis
1014 3887 1102 3925 usum
1124 3869 1214 3942 quarn
1237 3867 1373 3925 habitum

74 3978 259 4042 gestumque
279 3969 422 4042 designat
443 3977 554 4025 testem
578 3970 818 4043 supplicationis,
843 3987 911 4025 cum
924 3987 1076 4044 persaepe
1098 3969 1183 4026 taciti
1198 3977 1369 4043 precentur.

74 4089 137 4147 qua
160 4090 191 4127 re
224 4072 418 4128 sacerdotem
440 4072 546 4127 Vmbri
583 4072 678 4128 modo
711 4070 839 4150 vasculis
874 4080 1072 4127 venerantem
1105 4070 1229 4136 iaciunt,
1264 4069 1370 4125 uerclz‘r

67 4171 228 4246 persnzinu,
251 4174 344 4228 modo
367 4172 424 4229 hac
446 4173 513 4245 ipsa
535 4172 721 4246 precatione,
746 4189 833 4226 versu
858 4173 897 4229 34
914 4173 1034 4244 persclu
1051 4171 1206 4244 persnimu
1229 4169 1267 4228 cl.
1291 4188 1315 4226 v.
1335 4171 1374 4226 20

70 4275 189 4346 persclu
215 4273 300 4328 detta.
338 4272 402 4329 eius
425 4273 580 4347 proprium
602 4271 663 4327 hoc
685 4280 732 4327 est
755 4281 787 4327 ut
810 4273 955 4327 adoretur
970 4273 1031 4328 dea
1051 4271 1140 4327 certis
1163 4269 1294 4326 vasculis
1318 4270 1372 4325 ob-

75 4376 145 4431 latis
167 4374 263 4448 plenis
286 4369 368 4450 (tium
384 4369 500 4449 plener)
523 4391 603 4449 quae
627 4374 740 4428 devota
763 4382 793 4428 et
816 4381 997 4429 consecrata
1020 4373 1076 4428 sibi
1098 4372 1221 4429 habeat.
1257 4371 1287 4426 in
1311 4370 1370 4426 La·

75 4475 147 4532 tinis
169 4475 413 4531 obsecrationem
436 4475 525 4548 posui
547 4492 626 4547 quae
653 4482 683 4529 et
709 4473 840 4546 iungitur
863 4491 932 4529 cum
959 4473 1181 4547 supplicatione
1204 4480 1235 4527 et
1256 4473 1295 4527 ab
1317 4469 1375 4527 hac

75 4576 272 4649 distinguitur
293 4583 400 4649 utpote
425 4576 577 4632 contraria
591 4576 789 4650 gratulationi
805 4575 935 4650 species,
956 4575 1025 4633 vide
1043 4573 1108 4630 LIvi
1127 4573 1311 4647 interpretes
1334 4572 1376 4627 ad

76 4675 182 4734 XXXI
198 4678 258 4744 9,5
282 4685 313 4733 et
335 4676 453 4733 XXVII
472 4679 519 4744 11,
534 4679 562 4736 6.
