3742 5364
688 366 748 426 165
1024 384 1028 398 ·
1282 365 1373 428 rvra
1401 320 1402 323 Ὺ

73 545 239 627 sukatu.l
265 547 405 610 inumek
442 537 583 612 vestesa
619 568 697 630 per·
711 573 736 612 rr
750 570 821 609 nem
833 552 1002 613 declarato.
1024 547 1028 630 Ι
1050 553 1292 611 tuncvesticiam
1306 570 1374 628 per·

73 656 197 709 suntru
233 667 321 730 supu
358 643 469 711 eresle
505 647 598 710 Hule
620 645 623 728 l
644 669 696 711 se·
748 661 886 711 sontrum
897 654 953 711 sub
966 655 1097 712 sacrario
1108 654 1209 712 Hulae
1228 648 1232 731 l
1253 654 1373 711 sollem-

73 859 171 928 atque
192 854 379 914 insertiones
403 855 517 930 antiqui
535 855 726 912 narrationes
742 856 997 931 appellitaverunt
1012 864 1092 914 teste
1110 855 1210 913 Gellio
1225 854 1331 912 XVIII
1344 858 1372 923 9,

72 952 150 1008 item
166 952 305 1012 Placidus
321 973 349 1029 p.
365 957 468 1023 59,16
493 956 642 1029 r‘nrequis:
664 975 776 1012 narras
790 955 886 1033 refers
898 958 950 1013 sed
966 957 1109 1013 r'nterdum
1118 957 1224 1031 pergis
1244 955 1375 1032 primum

73 1052 181 1126 posuit
203 1053 235 1110 id
258 1055 382 1135 verbum
405 1057 490 1130 quod
512 1057 543 1112 in
566 1054 717 1113 Vmbricis
742 1056 1012 1114 animadvertimus
1035 1056 1104 1114 huic
1126 1056 1233 1112 rukatu
1247 1073 1375 1130 respon·

74 1155 152 1210 dere
169 1155 309 1216 maxime.
351 1175 432 1214 novo
456 1157 550 1214 verbo
571 1156 643 1214 ideo
665 1157 715 1214 bic
737 1175 815 1232 opus
837 1157 934 1215 fuisse
963 1158 1109 1233 suspicor,
1142 1158 1227 1232 quod
1255 1156 1374 1231 longius

73 1255 117 1311 ab
142 1272 193 1313 ara
216 1259 362 1316 sacerdos
384 1259 520 1326 recessit,
553 1267 636 1315 certe
669 1258 794 1332 quidem
828 1265 943 1315 norant
967 1258 1073 1316 Vmbri
1100 1260 1147 1317 dis
1178 1259 1271 1316 etiarn
1294 1277 1374 1332 quae

75 1357 161 1413 taciti
182 1366 343 1432 precantur
366 1359 466 1432 (VIA
490 1362 528 1418 22
553 1355 617 1435 55),
653 1361 727 1416 item
757 1360 853 1416 dr'cent
876 1377 983 1435 preces
1006 1369 1104 1419 mutas
1130 1358 1223 1436 (VIB
1247 1363 1287 1421 57
1309 1355 1374 1439 62),

74 1465 217 1516 neutrum
239 1459 329 1533 Igitur
349 1468 455 1535 aptum
476 1460 530 1518 fuit
552 1460 644 1535 siquis
667 1478 706 1517 ex
728 1461 895 1536 longinquo
918 1462 1018 1536 palam
1040 1462 1260 1537 pronuntiaret.

178 1562 216 1618 17
239 1561 300 1617 duo
324 1562 482 1619 enuntiata
499 1563 584 1636 paria
606 1562 637 1618 in
660 1561 770 1620 ceterIs
792 1562 852 1620 hoc
870 1581 932 1619 uno
949 1562 1101 1629 differunt,
1125 1563 1210 1637 quod
1231 1573 1284 1620 aut
1299 1573 1374 1637 rupu

76 1646 168 1716 ereile
188 1661 255 1718 bule
277 1671 329 1719 aut
351 1669 429 1721 turre
448 1672 535 1738 super
556 1653 646 1720 ereile
668 1682 790 1722 sacrum
812 1664 946 1724 offertur.
992 1672 1085 1739 atque
1109 1664 1268 1721 evidenter
1288 1674 1375 1739 super

75 1747 168 1818 creile
189 1763 344 1821 conlatum
366 1766 470 1822 estad
491 1773 564 1839 supu
586 1759 676 1822 ereile
697 1776 728 1823 et
749 1771 827 1822 turre
849 1766 889 1822 ad
909 1765 988 1831 bule,
1011 1783 1141 1841 cumque
1156 1766 1286 1841 primum
1299 1765 1375 1823 illud

74 1864 240 1921 conveniat
260 1882 329 1922 cum
349 1876 436 1939 super
456 1867 600 1931 sacrario,
625 1867 727 1923 Latini
743 1866 822 1922 enirn
840 1883 945 1923 casum
967 1875 1087 1924 sextum
1102 1866 1305 1923 adiunxerunt
1320 1884 1374 1941 pro

76 1963 178 2032 locali,
202 1964 336 2040 sequitur
358 1974 391 2022 ut
413 1966 538 2023 alterum
569 1967 613 2024 sic
643 1967 707 2023 fere
740 1975 892 2023 vertamus
924 1965 975 2022 sub
997 1967 1141 2025 sacrario.
1191 1986 1294 2047 neque
1316 1968 1376 2025 ista

75 2063 201 2138 quidem
222 2066 266 2123 vis
287 2075 335 2123 est
356 2084 437 2142 quae
459 2067 617 2124 adferatur
639 2067 751 2124 verbis:
782 2067 875 2123 immo
909 2067 991 2124 enim
1025 2085 1094 2125 cum
1124 2068 1250 2144 supinus
1281 2085 1373 2126 nasus

75 2172 132 2222 aut
153 2174 257 2223 venter
279 2185 396 2225 sursum
418 2185 520 2226 versus
544 2176 665 2226 erectus
696 2168 735 2225 sit
762 2176 793 2225 et
819 2169 851 2225 in
880 2168 1007 2226 sublime
1035 2169 1182 2238 iactatuS,
1215 2188 1284 2227 cum
1310 2169 1374 2226 nidi

73 2267 269 2326 hirundinum
291 2277 454 2344 propterea
476 2270 575 2344 supini
595 2271 735 2327 dicantur
754 2270 840 2345 quod
863 2270 951 2327 tectis
973 2269 1102 2345 tignisve
1125 2271 1312 2329 subiciuntur
1335 2288 1372 2328 ac

76 2371 315 2444 suspenduntur,
349 2370 450 2446 siquid
473 2389 601 2446 suppum
625 2372 688 2428 sive
711 2370 852 2444 supinum
875 2372 1007 2428 sacrario
1029 2371 1123 2428 fertur
1145 2373 1318 2430 necessario
1342 2372 1375 2429 id

76 2472 118 2527 ab
140 2471 200 2527 lmo
223 2488 341 2529 sursum
363 2472 463 2528 tendit
484 2473 526 2529 ad
547 2471 713 2529 sacrarium
735 2489 836 2547 neque
868 2472 1059 2529 altitudinem
1085 2473 1148 2529 eius
1179 2481 1294 2549 aequat
1318 2473 1374 2529 sed

77 2572 135 2627 sub
158 2589 195 2628 eo
219 2580 364 2632 versatur.
408 2573 486 2630 scito
509 2583 613 2631 autem
636 2573 692 2630 sub
715 2573 794 2630 colle
812 2573 986 2630 aedificium
1001 2573 1088 2630 situm
1113 2574 1173 2631 dici
1194 2592 1258 2631 non
1280 2575 1374 2631 modo

76 2674 163 2746 quod
184 2674 325 2748 planities
348 2693 366 2732 a
388 2674 466 2731 colle
489 2684 620 2754 separet,
644 2675 700 2732 sed
723 2675 815 2731 etiam
837 2675 921 2750 quod
943 2674 1000 2748 ipsi
1023 2674 1092 2732 colli
1114 2675 1247 2732 insideat
1269 2676 1374 2732 adsur-

75 2775 163 2848 genti
182 2775 306 2850 quidem
328 2775 378 2843 illi,
401 2794 464 2832 non
485 2776 570 2834 edito
593 2786 647 2834 aut
669 2795 797 2834 summo
836 2776 878 2834 sic
899 2784 973 2850 supa
996 2763 1086 2832 erelle
1105 2777 1190 2851 quod
1207 2793 1290 2832 nunc
1304 2794 1374 2850 por·

76 2875 188 2944 ficitur,
211 2877 242 2933 in
263 2876 362 2951 gradu
384 2876 525 2933 altarium
540 2857 691 2935 'inferiore
713 2878 823 2952 reponi
846 2878 983 2945 arbitror,
1005 2877 1047 2934 ibi
1070 2876 1134 2934 fere
1154 2877 1205 2934 ubi
1228 2885 1299 2934 ante
1318 2875 1375 2933 Pu·

76 2995 170 3034 muno
193 2977 354 3035 sacrificari
374 2978 503 3036 vidimus
525 2989 580 3037 aut
602 2981 706 3038 subter
729 2997 798 3036 eum
822 2979 931 3047 locum,
953 2986 1060 3037 contra
1081 2986 1168 3051 super
1180 2962 1269 3034 erelle
1291 2977 1375 3052 quod

75 3080 176 3148 datur,
199 3080 230 3136 ln
252 3080 408 3154 superiore
430 3081 529 3154 gradu
550 3081 601 3138 ubi
624 3088 695 3137 ante
716 3079 873 3148 Vesunae,
904 3096 997 3137 unum
1020 3079 1155 3136 omnium
1187 3077 1374 3135 altissimum.

75 3198 169 3256 quam
192 3181 375 3238 sententiam
398 3181 423 3238 si
446 3182 635 3257 adprobaris,
665 3190 698 3238 et
727 3181 786 3238 hoc
808 3181 972 3254 intelleges
996 3199 1047 3238 cur
1066 3187 1140 3253 supu
1162 3179 1305 3254 scriptum
1327 3178 1374 3245 sit,

75 3300 140 3338 non
160 3281 279 3350 luntre,
303 3282 446 3356 quoniam
468 3292 618 3341 remotum
640 3283 679 3340 ab
702 3283 848 3341 altaribus
872 3284 998 3341 omnino
1020 3283 1233 3359 deiectumque
1258 3280 1374 3353 cogita·

75 3400 143 3438 mus
166 3382 351 3456 quodinlra
371 3385 477 3442 altaria
499 3404 570 3443 esse
593 3385 711 3454 dicitur,
742 3386 864 3443 minime
892 3404 964 3443 vero
994 3387 1155 3443 admotum
1177 3403 1216 3442 ex
1238 3384 1308 3441 loco
1331 3383 1375 3439 in·

76 3482 197 3551 feriore,
227 3492 258 3540 et
279 3484 352 3542 illud
374 3486 478 3543 curin
501 3487 666 3545 enuntIatis
688 3487 810 3563 paribus
834 3488 992 3563 disparem
1014 3487 1154 3544 ordinem
1176 3486 1269 3543 verba
1289 3492 1375 3541 tene·

76 3591 140 3652 ant,
161 3582 299 3641 nimirum
319 3595 395 3659 supa
417 3586 618 3656 adiectivum,
647 3587 672 3644 si
693 3587 761 3643 bule
783 3588 854 3645 illud
876 3587 1135 3664 praeposuissent,
1165 3585 1205 3644 ab
1231 3603 1286 3642 suo
1320 3602 1375 3641 no·

75 3683 159 3738 mine
182 3683 333 3742 divolsum
356 3695 515 3761 vagaretur
540 3689 619 3746 inter
642 3688 752 3746 aliena.
794 3688 824 3744 in
858 3696 1030 3745 transcursu
1064 3692 1166 3743 autem
1198 3685 1374 3743 admonebo

75 3783 117 3841 ab
140 3783 198 3841 hoc
221 3785 289 3842 loco
311 3786 567 3859 proficIscendum
589 3806 659 3846 esse
682 3788 733 3863 qui
765 3789 875 3845 ceteris
898 3787 1039 3856 omnibus
1060 3795 1136 3861 rupa
1158 3786 1232 3863 quid
1254 3787 1375 3843 valeant

75 3885 274 3959 explanatum
295 3896 357 3955 eat,
381 3887 494 3963 ubique
517 3890 675 3964 intelleges
698 3884 794 3949 ὕπτια
818 3908 856 3947 eo
883 3889 976 3946 verbo
1001 3887 1142 3947 denotari
1170 3887 1202 3944 id
1225 3895 1272 3944 est
1306 3880 1373 3946 ἄνω

75 3982 294 4063 στρεφόμενα,
319 3984 369 4048 ἐπὶ
391 3988 496 4052 νῶτον
520 3987 657 4066 κείμενα,
684 3991 836 4049 contraria
859 3989 1051 4066 superstratis
1077 4008 1113 4047 ac
1135 3990 1280 4047 deorsum
1310 4005 1375 4045 ver·

75 4088 228 4163 gentibus.
273 4089 394 4147 tertium
417 4093 596 4150 vocabulum
617 4100 695 4150 turre
717 4110 755 4148 ex
777 4091 958 4150 lustratione
974 4091 1077 4166 populi
1091 4091 1210 4165 Iguvini
1225 4092 1374 4158 novimus

76 4189 108 4246 in
131 4206 191 4262 qua
213 4188 313 4247 Tursa
336 4188 436 4248 Cerfia
458 4191 537 4250 Cerfi
560 4193 661 4251 Martii
683 4211 721 4251 ac
752 4201 909 4268 postremo
943 4192 1043 4251 Tursa
1078 4193 1163 4250 Iovia
1197 4192 1375 4266 indigitatur

76 4290 161 4348 trinis
184 4291 324 4348 mactatis
341 4292 438 4349 vitulis
453 4310 489 4350 ac
504 4294 649 4353 iuvencis.
674 4295 800 4352 Terram
819 4301 946 4350 matrem
967 4293 1010 4350 ita
1026 4293 1178 4350 vocitasse
1196 4294 1285 4369 eique
1302 4310 1375 4351 con-

76 4391 198 4448 iunctae
221 4410 289 4449 cum
313 4392 439 4452 Vesuna
461 4414 516 4470 pro
540 4415 679 4454 arvorum
700 4396 781 4454 cultu
804 4413 906 4452 annua
934 4413 1022 4453 sacra
1053 4395 1207 4453 rettulisse
1229 4403 1375 4470 operatos

77 4493 108 4548 in
131 4490 232 4550 herbis
256 4492 387 4551 Vmbros
409 4495 473 4553 sine
494 4504 574 4553 teste
596 4497 758 4555 credimus.
797 4496 951 4553 Tellurem
967 4495 1069 4571 Opem
1084 4504 1213 4554 matrem
1230 4512 1377 4568 magnam

77 4591 235 4667 lingebant
257 4596 403 4664 turritam,
427 4596 621 4672 turrigeram:
649 4594 769 4673 τύρσος
792 4593 830 4658 τὸ
853 4594 889 4659 ἐν
912 4593 988 4672 ὕψει
1009 4592 1224 4675 οἰκοδόμημα,
1245 4595 1383 4660 Tursam

79 4696 182 4755 decuit
204 4699 340 4756 venerari
361 4709 448 4774 super
463 4685 560 4757 erelle.
599 4707 691 4775 atque
706 4698 776 4758 hinc
791 4707 934 4777 quartum
949 4715 1073 4778 quoque
1091 4717 1207 4763 nomen
1220 4697 1389 4774 proprium
