<?xml version="1.0" encoding="UTF-8"?>
<!DOCTYPE html PUBLIC "-//W3C//DTD XHTML 1.0 Transitional//EN"
    "http://www.w3.org/TR/xhtml1/DTD/xhtml1-transitional.dtd">
<html xmlns="http://www.w3.org/1999/xhtml" xml:lang="en" lang="en">
 <head>
  <title>
</title>
<meta http-equiv="Content-Type" content="text/html;charset=utf-8" />
  <meta name='ocr-system' content='tesseract 3.04.00' />
  <meta name='ocr-capabilities' content='ocr_page ocr_carea ocr_par ocr_line ocrx_word'/>
</head>
<body>
  <div class='ocr_page' id='page_1' title='image "./vmbricainterpre00buecgoog_0153.png"; bbox 0 0 3742 5364; ppageno 0'>
   <div class='ocr_carea' id='block_1_1' title="bbox 695 316 1377 410">
    <p class='ocr_par' dir='ltr' id='par_1_1' title="bbox 695 316 1377 410">
     <span class='ocr_line' id='line_1_1' title="bbox 695 316 1377 410; baseline 0.003 -2"><span class='ocrx_word' id='word_1_1' title='bbox 695 352 754 409; x_wconf 81' lang='lat'>145</span> <span class='ocrx_word' id='word_1_2' title='bbox 971 316 975 333; x_wconf 85' lang='lat'>&#39;</span> <span class='ocrx_word' id='word_1_3' title='bbox 1282 351 1377 410; x_wconf 76' lang='lat' dir='ltr'>unm</span> 
     </span>
    </p>
   </div>
   <div class='ocr_carea' id='block_1_2' title="bbox 76 527 1381 1014">
    <p class='ocr_par' dir='ltr' id='par_1_2' title="bbox 76 527 1381 1014">
     <span class='ocr_line' id='line_1_2' title="bbox 76 527 1378 616; baseline 0.004 -24"><span class='ocrx_word' id='word_1_4' title='bbox 76 527 218 593; x_wconf 87' lang='lat' dir='ltr'>fesnere</span> <span class='ocrx_word' id='word_1_5' title='bbox 253 527 451 612; x_wconf 83' lang='lat' dir='ltr'>purtuletu.</span> <span class='ocrx_word' id='word_1_6' title='bbox 515 529 561 593; x_wconf 83' lang='lat' dir='ltr'>ite</span> <span class='ocrx_word' id='word_1_7' title='bbox 602 528 703 605; x_wconf 80' lang='lat' dir='ltr'>fertu,</span> <span class='ocrx_word' id='word_1_8' title='bbox 720 557 744 594; x_wconf 82' lang='lat' dir='ltr'>m</span> <span class='ocrx_word' id='word_1_9' title='bbox 759 534 790 592; x_wconf 90' lang='lat' dir='ltr'>in</span> <span class='ocrx_word' id='word_1_10' title='bbox 821 535 893 593; x_wconf 89' lang='lat' dir='ltr'>fano</span> <span class='ocrx_word' id='word_1_11' title='bbox 924 530 1101 614; x_wconf 81' lang='lat' dir='ltr'>porriclito.</span> <span class='ocrx_word' id='word_1_12' title='bbox 1156 555 1194 596; x_wconf 93' lang='lat' dir='ltr'>eo</span> <span class='ocrx_word' id='word_1_13' title='bbox 1228 538 1316 616; x_wconf 84' lang='lat' dir='ltr'>ferto,</span> <span class='ocrx_word' id='word_1_14' title='bbox 1350 539 1378 597; x_wconf 92' lang='lat' dir='ltr'>in</span> 
     </span>
     <span class='ocr_line' id='line_1_3' title="bbox 76 629 1379 713; baseline 0.001 -20"><span class='ocrx_word' id='word_1_15' title='bbox 76 629 163 693; x_wconf 86' lang='lat' dir='ltr'>tafle</span> <span class='ocrx_word' id='word_1_16' title='bbox 186 651 206 694; x_wconf 90' lang='lat' dir='ltr'>e</span> <span class='ocrx_word' id='word_1_17' title='bbox 227 631 282 713; x_wconf 88' lang='lat' dir='ltr'>pir</span> <span class='ocrx_word' id='word_1_18' title='bbox 303 629 404 704; x_wconf 77' lang='lat' dir='ltr'>fertu</span> <span class='ocrx_word' id='word_1_19' title='bbox 431 630 561 710; x_wconf 86' lang='lat' dir='ltr'>kapres</span> <span class='ocrx_word' id='word_1_20' title='bbox 583 650 704 711; x_wconf 89' lang='lat' dir='ltr'>pruse·</span> <span class='ocrx_word' id='word_1_21' title='bbox 762 636 865 695; x_wconf 90' lang='lat' dir='ltr'>tabula</span> <span class='ocrx_word' id='word_1_22' title='bbox 907 636 1010 710; x_wconf 86' lang='lat' dir='ltr'>ignem</span> <span class='ocrx_word' id='word_1_23' title='bbox 1055 636 1143 704; x_wconf 88' lang='lat' dir='ltr'>ferto,</span> <span class='ocrx_word' id='word_1_24' title='bbox 1188 638 1270 712; x_wconf 90' lang='lat' dir='ltr'>capri</span> <span class='ocrx_word' id='word_1_25' title='bbox 1310 655 1379 712; x_wconf 91' lang='lat' dir='ltr'>pro·</span> 
     </span>
     <span class='ocr_line' id='line_1_4' title="bbox 78 718 1379 814; baseline 0.001 -22"><span class='ocrx_word' id='word_1_26' title='bbox 78 729 158 793; x_wconf 76' lang='lat' dir='ltr'>&#39;setu</span> <span class='ocrx_word' id='word_1_27' title='bbox 179 728 182 813; x_wconf 90' lang='grc'>)</span> <span class='ocrx_word' id='word_1_28' title='bbox 204 729 250 794; x_wconf 79' lang='lat' dir='ltr'>ise</span> <span class='ocrx_word' id='word_1_29' title='bbox 273 730 423 793; x_wconf 83' lang='lat' dir='ltr'>adveitu.</span> <span class='ocrx_word' id='word_1_30' title='bbox 468 740 632 812; x_wconf 89' lang='lat' dir='ltr'>persutru</span> <span class='ocrx_word' id='word_1_31' title='bbox 646 752 704 793; x_wconf 86' lang='lat' dir='ltr'>va·</span> <span class='ocrx_word' id='word_1_32' title='bbox 739 718 843 794; x_wconf 45' lang='lat' dir='ltr'>&#39;secta</span> <span class='ocrx_word' id='word_1_33' title='bbox 864 730 867 814; x_wconf 83' lang='lat' dir='ltr'>l</span> <span class='ocrx_word' id='word_1_34' title='bbox 889 753 928 793; x_wconf 92' lang='lat' dir='ltr'>eo</span> <span class='ocrx_word' id='word_1_35' title='bbox 951 737 1076 794; x_wconf 88' lang='lat' dir='ltr'>adicito.</span> <span class='ocrx_word' id='word_1_36' title='bbox 1123 745 1316 812; x_wconf 89' lang='lat' dir='ltr'>persontrum</span> <span class='ocrx_word' id='word_1_37' title='bbox 1333 745 1379 794; x_wconf 91' lang='lat' dir='ltr'>tu-</span> 
     </span>
     <span class='ocr_line' id='line_1_5' title="bbox 76 826 1381 914; baseline -0.001 -19"><span class='ocrx_word' id='word_1_38' title='bbox 76 831 173 912; x_wconf 86' lang='lat' dir='ltr'>putis</span> <span class='ocrx_word' id='word_1_39' title='bbox 204 829 298 894; x_wconf 79' lang='lat' dir='ltr'>mesa</span> <span class='ocrx_word' id='word_1_40' title='bbox 319 826 441 892; x_wconf 68' lang='lat' dir='ltr'>vistisa</span> <span class='ocrx_word' id='word_1_41' title='bbox 473 828 545 892; x_wconf 81' lang='lat' dir='ltr'>feta</span> <span class='ocrx_word' id='word_1_42' title='bbox 577 829 676 892; x_wconf 86' lang='lat' dir='ltr'>fertu.</span> <span class='ocrx_word' id='word_1_43' title='bbox 699 829 702 912; x_wconf 90' lang='grc'>)</span> <span class='ocrx_word' id='word_1_44' title='bbox 755 836 840 895; x_wconf 78' lang='lat' dir='ltr'>ribus&#39;</span> <span class='ocrx_word' id='word_1_45' title='bbox 869 836 951 894; x_wconf 84' lang='lat' dir='ltr'>mesa</span> <span class='ocrx_word' id='word_1_46' title='bbox 981 838 1106 895; x_wconf 88' lang='lat' dir='ltr'>vesticia</span> <span class='ocrx_word' id='word_1_47' title='bbox 1140 836 1223 894; x_wconf 88' lang='lat' dir='ltr'>facta</span> <span class='ocrx_word' id='word_1_48' title='bbox 1257 837 1286 894; x_wconf 86' lang='lat' dir='ltr'>fe</span> <span class='ocrx_word' id='word_1_49' title='bbox 1303 847 1345 898; x_wconf 89' lang='lat' dir='ltr'>t0.</span> <span class='ocrx_word' id='word_1_50' title='bbox 1375 831 1381 914; x_wconf 80' lang='lat' dir='ltr'>l</span> 
     </span>
     <span class='ocr_line' id='line_1_6' title="bbox 78 930 1378 1014; baseline 0.001 -20"><span class='ocrx_word' id='word_1_51' title='bbox 78 933 219 997; x_wconf 89' lang='lat' dir='ltr'>sviseve</span> <span class='ocrx_word' id='word_1_52' title='bbox 240 930 331 995; x_wconf 80' lang='lat' dir='ltr'>fertu</span> <span class='ocrx_word' id='word_1_53' title='bbox 348 952 449 1013; x_wconf 90' lang='lat' dir='ltr'>pune,</span> <span class='ocrx_word' id='word_1_54' title='bbox 475 940 548 992; x_wconf 91' lang='lat' dir='ltr'>etre</span> <span class='ocrx_word' id='word_1_55' title='bbox 564 931 702 994; x_wconf 90' lang='lat' dir='ltr'>sviseve</span> <span class='ocrx_word' id='word_1_56' title='bbox 753 938 784 994; x_wconf 92' lang='lat' dir='ltr'>in</span> <span class='ocrx_word' id='word_1_57' title='bbox 800 939 867 994; x_wconf 89' lang='lat' dir='ltr'>sino</span> <span class='ocrx_word' id='word_1_58' title='bbox 884 938 961 995; x_wconf 86' lang='lat' dir='ltr'>ferto</span> <span class='ocrx_word' id='word_1_59' title='bbox 978 957 1113 1014; x_wconf 86' lang='lat' dir='ltr'>poscam,</span> <span class='ocrx_word' id='word_1_60' title='bbox 1137 940 1168 995; x_wconf 91' lang='lat' dir='ltr'>in</span> <span class='ocrx_word' id='word_1_61' title='bbox 1188 941 1286 997; x_wconf 89' lang='lat' dir='ltr'>altero</span> <span class='ocrx_word' id='word_1_62' title='bbox 1310 941 1378 996; x_wconf 89' lang='lat' dir='ltr'>sino</span> 
     </span>
    </p>
   </div>
   <div class='ocr_carea' id='block_1_3' title="bbox 67 1138 1379 4832">
    <p class='ocr_par' dir='ltr' id='par_1_3' title="bbox 67 1138 1379 2428">
     <span class='ocr_line' id='line_1_7' title="bbox 76 1138 1378 1215; baseline 0.001 -17"><span class='ocrx_word' id='word_1_63' title='bbox 76 1141 166 1200; x_wconf 91' lang='lat' dir='ltr'>rhen.</span> <span class='ocrx_word' id='word_1_64' title='bbox 188 1140 307 1198; x_wconf 91' lang='lat' dir='ltr'>XXXII</span> <span class='ocrx_word' id='word_1_65' title='bbox 330 1159 359 1215; x_wconf 91' lang='lat' dir='ltr'>p.</span> <span class='ocrx_word' id='word_1_66' title='bbox 382 1141 471 1212; x_wconf 82' lang='lat'><strong>640),</strong></span> <span class='ocrx_word' id='word_1_67' title='bbox 506 1139 647 1197; x_wconf 89' lang='lat' dir='ltr'>Abellani</span> <span class='ocrx_word' id='word_1_68' title='bbox 676 1138 850 1215; x_wconf 90' lang='lat' dir='ltr'>Nolanique</span> <span class='ocrx_word' id='word_1_69' title='bbox 877 1158 1038 1198; x_wconf 91' lang='lat' dir='ltr'>commune</span> <span class='ocrx_word' id='word_1_70' title='bbox 1065 1142 1201 1198; x_wconf 85' lang='lat' dir='ltr'>habuere</span> <span class='ocrx_word' id='word_1_71' title='bbox 1238 1142 1378 1200; x_wconf 91' lang='lat' dir='ltr'>Herculis</span> 
     </span>
     <span class='ocr_line' id='line_1_8' title="bbox 75 1240 1379 1321; baseline 0.001 -24"><span class='ocrx_word' id='word_1_72' title='bbox 75 1241 270 1298; x_wconf 85' lang='lat' dir='ltr'>sukurakleru</span> <span class='ocrx_word' id='word_1_73' title='bbox 293 1259 362 1299; x_wconf 93' lang='lat' dir='ltr'>cum</span> <span class='ocrx_word' id='word_1_74' title='bbox 385 1258 459 1315; x_wconf 91' lang='lat' dir='ltr'>agro</span> <span class='ocrx_word' id='word_1_75' title='bbox 483 1257 539 1296; x_wconf 92' lang='lat' dir='ltr'>suo</span> <span class='ocrx_word' id='word_1_76' title='bbox 561 1240 604 1297; x_wconf 93' lang='lat' dir='ltr'>ita</span> <span class='ocrx_word' id='word_1_77' title='bbox 637 1240 795 1297; x_wconf 90' lang='lat' dir='ltr'>limitatum</span> <span class='ocrx_word' id='word_1_78' title='bbox 819 1249 852 1298; x_wconf 94' lang='lat' dir='ltr'>ut</span> <span class='ocrx_word' id='word_1_79' title='bbox 874 1242 978 1299; x_wconf 90' lang='lat' dir='ltr'>media</span> <span class='ocrx_word' id='word_1_80' title='bbox 1007 1251 1092 1299; x_wconf 87' lang='lat' dir='ltr'>esset</span> <span class='ocrx_word' id='word_1_81' title='bbox 1123 1242 1263 1299; x_wconf 90' lang='lat' dir='ltr'>Herculis</span> <span class='ocrx_word' id='word_1_82' title='bbox 1280 1242 1379 1321; x_wconf 82' lang='lat' dir='ltr'>fltsnu</span> 
     </span>
     <span class='ocr_line' id='line_1_9' title="bbox 76 1339 1373 1418; baseline 0.002 -19"><span class='ocrx_word' id='word_1_83' title='bbox 76 1360 182 1417; x_wconf 84' lang='lat' dir='ltr'>neque</span> <span class='ocrx_word' id='word_1_84' title='bbox 202 1343 281 1399; x_wconf 87' lang='lat' dir='ltr'>intra</span> <span class='ocrx_word' id='word_1_85' title='bbox 304 1341 379 1399; x_wconf 85' lang='lat' dir='ltr'>fines</span> <span class='ocrx_word' id='word_1_86' title='bbox 403 1342 454 1416; x_wconf 92' lang='lat' dir='ltr'>qui</span> <span class='ocrx_word' id='word_1_87' title='bbox 467 1339 584 1418; x_wconf 80' lang='lat' dir='ltr'>fisnum</span> <span class='ocrx_word' id='word_1_88' title='bbox 605 1341 764 1414; x_wconf 86' lang='lat' dir='ltr'>cingerent</span> <span class='ocrx_word' id='word_1_89' title='bbox 787 1341 889 1399; x_wconf 90' lang='lat' dir='ltr'>alteris</span> <span class='ocrx_word' id='word_1_90' title='bbox 913 1343 987 1399; x_wconf 89' lang='lat' dir='ltr'>utris</span> <span class='ocrx_word' id='word_1_91' title='bbox 1016 1343 1185 1417; x_wconf 89' lang='lat' dir='ltr'>quidquam</span> <span class='ocrx_word' id='word_1_92' title='bbox 1207 1344 1373 1401; x_wconf 91' lang='lat' dir='ltr'>aedificare</span> 
     </span>
     <span class='ocr_line' id='line_1_10' title="bbox 76 1428 1376 1517; baseline 0.002 -17"><span class='ocrx_word' id='word_1_93' title='bbox 76 1445 196 1501; x_wconf 90' lang='lat' dir='ltr'>liceret.</span> <span class='ocrx_word' id='word_1_94' title='bbox 239 1444 342 1517; x_wconf 92' lang='lat' dir='ltr'>itaque</span> <span class='ocrx_word' id='word_1_95' title='bbox 365 1441 481 1517; x_wconf 86' lang='lat' dir='ltr'>templo</span> <span class='ocrx_word' id='word_1_96' title='bbox 506 1442 657 1497; x_wconf 89' lang='lat' dir='ltr'>contraria</span> <span class='ocrx_word' id='word_1_97' title='bbox 680 1441 739 1498; x_wconf 92' lang='lat' dir='ltr'>loci</span> <span class='ocrx_word' id='word_1_98' title='bbox 761 1443 848 1499; x_wconf 92' lang='lat' dir='ltr'>notio</span> <span class='ocrx_word' id='word_1_99' title='bbox 868 1428 928 1500; x_wconf 74' lang='lat' dir='ltr'>rebe</span> <span class='ocrx_word' id='word_1_100' title='bbox 951 1453 1007 1502; x_wconf 89' lang='lat' dir='ltr'>est.</span> <span class='ocrx_word' id='word_1_101' title='bbox 1057 1443 1155 1501; x_wconf 87' lang='lat' dir='ltr'>forma</span> <span class='ocrx_word' id='word_1_102' title='bbox 1187 1453 1250 1500; x_wconf 91' lang='lat' dir='ltr'>tam</span> <span class='ocrx_word' id='word_1_103' title='bbox 1273 1446 1376 1502; x_wconf 88' lang='lat' dir='ltr'>similis</span> 
     </span>
     <span class='ocr_line' id='line_1_11' title="bbox 67 1537 1376 1620; baseline 0.002 -20"><span class='ocrx_word' id='word_1_104' title='bbox 67 1537 195 1602; x_wconf 77' lang='lat' dir='ltr'>&#39;latinae</span> <span class='ocrx_word' id='word_1_105' title='bbox 218 1562 265 1600; x_wconf 89' lang='lat' dir='ltr'>ceu</span> <span class='ocrx_word' id='word_1_106' title='bbox 288 1543 458 1618; x_wconf 80' lang='lat' dir='ltr'>particulae</span> <span class='ocrx_word' id='word_1_107' title='bbox 481 1559 573 1616; x_wconf 92' lang='lat' dir='ltr'>quam</span> <span class='ocrx_word' id='word_1_108' title='bbox 595 1542 674 1598; x_wconf 89' lang='lat' dir='ltr'>inter</span> <span class='ocrx_word' id='word_1_109' title='bbox 696 1558 729 1598; x_wconf 89' lang='lat' dir='ltr'>se</span> <span class='ocrx_word' id='word_1_110' title='bbox 752 1542 865 1599; x_wconf 86' lang='lat' dir='ltr'>similes</span> <span class='ocrx_word' id='word_1_111' title='bbox 887 1544 945 1598; x_wconf 85' lang='lat' dir='ltr'>siue</span> <span class='ocrx_word' id='word_1_112' title='bbox 968 1552 1000 1600; x_wconf 92' lang='lat' dir='ltr'>et</span> <span class='ocrx_word' id='word_1_113' title='bbox 1017 1562 1066 1599; x_wconf 85' lang='lat' dir='ltr'>seu</span> <span class='ocrx_word' id='word_1_114' title='bbox 1090 1553 1171 1613; x_wconf 89' lang='lat' dir='ltr'>sunt,</span> <span class='ocrx_word' id='word_1_115' title='bbox 1206 1547 1301 1620; x_wconf 86' lang='lat' dir='ltr'>stirpe</span> <span class='ocrx_word' id='word_1_116' title='bbox 1324 1564 1376 1603; x_wconf 91' lang='lat' dir='ltr'>ea-</span> 
     </span>
     <span class='ocr_line' id='line_1_12' title="bbox 75 1628 1378 1722; baseline 0.003 -20"><span class='ocrx_word' id='word_1_117' title='bbox 75 1646 152 1702; x_wconf 88' lang='lat' dir='ltr'>dem</span> <span class='ocrx_word' id='word_1_118' title='bbox 164 1652 347 1720; x_wconf 89' lang='lat' dir='ltr'>prognatum</span> <span class='ocrx_word' id='word_1_119' title='bbox 359 1628 428 1701; x_wconf 72' lang='lat' dir='ltr'>leuzo</span> <span class='ocrx_word' id='word_1_120' title='bbox 444 1643 458 1699; x_wconf 93' lang='lat'>1</span> <span class='ocrx_word' id='word_1_121' title='bbox 471 1643 493 1700; x_wconf 89' lang='lat' dir='ltr'><strong>B</strong></span> <span class='ocrx_word' id='word_1_122' title='bbox 509 1644 547 1700; x_wconf 80' lang='grc'>23</span> <span class='ocrx_word' id='word_1_123' title='bbox 565 1642 638 1698; x_wconf 91' lang='lat' dir='ltr'>VIB</span> <span class='ocrx_word' id='word_1_124' title='bbox 654 1643 692 1702; x_wconf 85' lang='lat'>65</span> <span class='ocrx_word' id='word_1_125' title='bbox 708 1642 772 1699; x_wconf 84' lang='lat' dir='ltr'>iere</span> <span class='ocrx_word' id='word_1_126' title='bbox 784 1644 867 1700; x_wconf 90' lang='lat' dir='ltr'>idem</span> <span class='ocrx_word' id='word_1_127' title='bbox 880 1645 1031 1718; x_wconf 86' lang='lat' dir='ltr'>significat</span> <span class='ocrx_word' id='word_1_128' title='bbox 1043 1647 1128 1719; x_wconf 92' lang='lat' dir='ltr'>quod</span> <span class='ocrx_word' id='word_1_129' title='bbox 1138 1655 1220 1702; x_wconf 90' lang='lat' dir='ltr'>retro</span> <span class='ocrx_word' id='word_1_130' title='bbox 1236 1644 1278 1722; x_wconf 81' lang='lat' dir='ltr'>(p.</span> <span class='ocrx_word' id='word_1_131' title='bbox 1294 1646 1378 1722; x_wconf 84' lang='grc'>104),</span> 
     </span>
     <span class='ocr_line' id='line_1_13' title="bbox 75 1739 1377 1830; baseline 0.002 -27"><span class='ocrx_word' id='word_1_132' title='bbox 75 1739 141 1804; x_wconf 65' lang='lat' dir='ltr'>Irrue</span> <span class='ocrx_word' id='word_1_133' title='bbox 162 1747 201 1802; x_wconf 91' lang='lat' dir='ltr'>ab</span> <span class='ocrx_word' id='word_1_134' title='bbox 223 1764 261 1802; x_wconf 94' lang='lat' dir='ltr'>eo</span> <span class='ocrx_word' id='word_1_135' title='bbox 283 1746 367 1819; x_wconf 89' lang='lat' dir='ltr'>quod</span> <span class='ocrx_word' id='word_1_136' title='bbox 391 1745 525 1818; x_wconf 89' lang='lat' dir='ltr'>sequitur</span> <span class='ocrx_word' id='word_1_137' title='bbox 548 1744 651 1818; x_wconf 84' lang='lat' dir='ltr'>templi</span> <span class='ocrx_word' id='word_1_138' title='bbox 675 1761 712 1800; x_wconf 89' lang='lat' dir='ltr'>ac</span> <span class='ocrx_word' id='word_1_139' title='bbox 734 1745 854 1801; x_wconf 90' lang='lat' dir='ltr'>termini</span> <span class='ocrx_word' id='word_1_140' title='bbox 876 1745 1000 1830; x_wconf 82' lang='lat' dir='ltr'>nomine</span> <span class='ocrx_word' id='word_1_141' title='bbox 1024 1763 1112 1803; x_wconf 89' lang='lat' dir='ltr'>suam</span> <span class='ocrx_word' id='word_1_142' title='bbox 1129 1746 1188 1802; x_wconf 91' lang='lat' dir='ltr'>vim</span> <span class='ocrx_word' id='word_1_143' title='bbox 1210 1749 1323 1822; x_wconf 91' lang='lat' dir='ltr'>accipit</span> <span class='ocrx_word' id='word_1_144' title='bbox 1344 1757 1377 1806; x_wconf 92' lang='lat' dir='ltr'>ut</span> 
     </span>
     <span class='ocr_line' id='line_1_14' title="bbox 76 1845 1377 1922; baseline 0.001 -17"><span class='ocrx_word' id='word_1_145' title='bbox 76 1849 124 1905; x_wconf 90' lang='lat' dir='ltr'>cis</span> <span class='ocrx_word' id='word_1_146' title='bbox 147 1847 294 1921; x_wconf 87' lang='lat' dir='ltr'>templum</span> <span class='ocrx_word' id='word_1_147' title='bbox 316 1847 407 1903; x_wconf 90' lang='lat' dir='ltr'>sitam</span> <span class='ocrx_word' id='word_1_148' title='bbox 428 1846 586 1919; x_wconf 86' lang='lat' dir='ltr'>regionem</span> <span class='ocrx_word' id='word_1_149' title='bbox 609 1845 834 1920; x_wconf 85' lang='lat' dir='ltr'>intellegamus.</span> <span class='ocrx_word' id='word_1_150' title='bbox 881 1865 1005 1922; x_wconf 87' lang='lat' dir='ltr'>caprum</span> <span class='ocrx_word' id='word_1_151' title='bbox 1032 1848 1196 1906; x_wconf 91' lang='lat' dir='ltr'>immolans</span> <span class='ocrx_word' id='word_1_152' title='bbox 1229 1851 1377 1906; x_wconf 89' lang='lat' dir='ltr'>sacerdos</span> 
     </span>
     <span class='ocr_line' id='line_1_15' title="bbox 76 1935 1374 2025; baseline 0.002 -19"><span class='ocrx_word' id='word_1_153' title='bbox 76 1949 217 2006; x_wconf 88' lang='lat' dir='ltr'>constitit</span> <span class='ocrx_word' id='word_1_154' title='bbox 238 1935 311 2004; x_wconf 70' lang='lat' dir='ltr'>citra</span> <span class='ocrx_word' id='word_1_155' title='bbox 334 1949 476 2021; x_wconf 83' lang='lat' dir='ltr'>limenque</span> <span class='ocrx_word' id='word_1_156' title='bbox 486 1946 638 2025; x_wconf 83' lang='lat' dir='ltr'>foresque,</span> <span class='ocrx_word' id='word_1_157' title='bbox 663 1956 724 2003; x_wconf 94' lang='lat' dir='ltr'>tum</span> <span class='ocrx_word' id='word_1_158' title='bbox 739 1948 832 2005; x_wconf 86' lang='lat' dir='ltr'>intrat</span> <span class='ocrx_word' id='word_1_159' title='bbox 848 1949 994 2023; x_wconf 89' lang='lat' dir='ltr'>templum</span> <span class='ocrx_word' id='word_1_160' title='bbox 1009 1950 1051 2005; x_wconf 92' lang='lat' dir='ltr'>ad</span> <span class='ocrx_word' id='word_1_161' title='bbox 1070 1951 1267 2024; x_wconf 90' lang='lat' dir='ltr'>peragendos</span> <span class='ocrx_word' id='word_1_162' title='bbox 1290 1952 1374 2022; x_wconf 81' lang='lat' dir='ltr'>ritus.</span> 
     </span>
     <span class='ocr_line' id='line_1_16' title="bbox 77 2046 1376 2126; baseline 0.001 -19"><span class='ocrx_word' id='word_1_163' title='bbox 77 2051 121 2107; x_wconf 90' lang='lat' dir='ltr'>de</span> <span class='ocrx_word' id='word_1_164' title='bbox 142 2051 213 2124; x_wconf 88' lang='lat' dir='ltr'>igne</span> <span class='ocrx_word' id='word_1_165' title='bbox 236 2049 392 2107; x_wconf 87' lang='lat' dir='ltr'>intabula</span> <span class='ocrx_word' id='word_1_166' title='bbox 414 2048 521 2105; x_wconf 89' lang='lat' dir='ltr'>adlato</span> <span class='ocrx_word' id='word_1_167' title='bbox 544 2048 628 2104; x_wconf 90' lang='lat' dir='ltr'>iuvat</span> <span class='ocrx_word' id='word_1_168' title='bbox 661 2046 799 2105; x_wconf 86' lang='lat' dir='ltr'>conferre</span> <span class='ocrx_word' id='word_1_169' title='bbox 833 2050 918 2123; x_wconf 90' lang='lat' dir='ltr'>quod</span> <span class='ocrx_word' id='word_1_170' title='bbox 953 2048 1064 2107; x_wconf 92' lang='lat' dir='ltr'>Paulus</span> <span class='ocrx_word' id='word_1_171' title='bbox 1087 2050 1119 2110; x_wconf 91' lang='lat' dir='ltr'>F.</span> <span class='ocrx_word' id='word_1_172' title='bbox 1143 2047 1238 2124; x_wconf 76' lang='lat' dir='ltr'>(egeris</span> <span class='ocrx_word' id='word_1_173' title='bbox 1270 2051 1376 2126; x_wconf 81' lang='lat' dir='ltr'>Vestae)</span> 
     </span>
     <span class='ocr_line' id='line_1_17' title="bbox 75 2148 1376 2224; baseline 0 -16"><span class='ocrx_word' id='word_1_174' title='bbox 75 2160 184 2209; x_wconf 84' lang='lat' dir='ltr'>narrat</span> <span class='ocrx_word' id='word_1_175' title='bbox 205 2151 297 2207; x_wconf 91' lang='lat' dir='ltr'>moris</span> <span class='ocrx_word' id='word_1_176' title='bbox 321 2150 414 2206; x_wconf 82' lang='lat' dir='ltr'>luisse</span> <span class='ocrx_word' id='word_1_177' title='bbox 436 2148 625 2220; x_wconf 61' lang='lat' dir='ltr'>Vestalibus</span> <span class='ocrx_word' id='word_1_178' title='bbox 650 2149 674 2205; x_wconf 90' lang='lat' dir='ltr'>si</span> <span class='ocrx_word' id='word_1_179' title='bbox 698 2150 822 2223; x_wconf 85' lang='lat' dir='ltr'>quando</span> <span class='ocrx_word' id='word_1_180' title='bbox 846 2151 923 2224; x_wconf 90' lang='lat' dir='ltr'>ignis</span> <span class='ocrx_word' id='word_1_181' title='bbox 946 2151 1154 2208; x_wconf 88' lang='lat' dir='ltr'>interstinctus</span> <span class='ocrx_word' id='word_1_182' title='bbox 1176 2161 1269 2220; x_wconf 88' lang='lat' dir='ltr'>esset,</span> <span class='ocrx_word' id='word_1_183' title='bbox 1293 2151 1376 2208; x_wconf 84' lang='lat' dir='ltr'>tubu-</span> 
     </span>
     <span class='ocr_line' id='line_1_18' title="bbox 78 2248 1379 2330; baseline 0.001 -22"><span class='ocrx_word' id='word_1_184' title='bbox 78 2253 142 2308; x_wconf 87' lang='lat' dir='ltr'>lum</span> <span class='ocrx_word' id='word_1_185' title='bbox 155 2251 261 2330; x_wconf 81' lang='lat' dir='ltr'>felicis</span> <span class='ocrx_word' id='word_1_186' title='bbox 281 2250 420 2307; x_wconf 81' lang='lat' dir='ltr'>materiae</span> <span class='ocrx_word' id='word_1_187' title='bbox 441 2255 498 2305; x_wconf 81' lang='lat' dir='ltr'>turn</span> <span class='ocrx_word' id='word_1_188' title='bbox 522 2250 573 2304; x_wconf 85' lang='lat' dir='ltr'>diu</span> <span class='ocrx_word' id='word_1_189' title='bbox 600 2248 748 2306; x_wconf 83' lang='lat' dir='ltr'>terebrare</span> <span class='ocrx_word' id='word_1_190' title='bbox 775 2269 831 2324; x_wconf 87' lang='lat' dir='ltr'>quo</span> <span class='ocrx_word' id='word_1_191' title='bbox 859 2270 948 2325; x_wconf 81' lang='lat' dir='ltr'>usque</span> <span class='ocrx_word' id='word_1_192' title='bbox 975 2258 1122 2325; x_wconf 83' lang='lat' dir='ltr'>exceptum</span> <span class='ocrx_word' id='word_1_193' title='bbox 1151 2253 1248 2327; x_wconf 83' lang='lat' dir='ltr'>ignem</span> <span class='ocrx_word' id='word_1_194' title='bbox 1280 2252 1379 2310; x_wconf 84' lang='lat' dir='ltr'>cribro</span> 
     </span>
     <span class='ocr_line' id='line_1_19' title="bbox 78 2349 587 2428; baseline -0.004 -20"><span class='ocrx_word' id='word_1_195' title='bbox 78 2352 185 2410; x_wconf 80' lang='lat' dir='ltr'>aheneo</span> <span class='ocrx_word' id='word_1_196' title='bbox 205 2353 292 2427; x_wconf 86' lang='lat' dir='ltr'>uirgo</span> <span class='ocrx_word' id='word_1_197' title='bbox 316 2353 346 2408; x_wconf 83' lang='lat' dir='ltr'>r&#39;u</span> <span class='ocrx_word' id='word_1_198' title='bbox 370 2353 464 2408; x_wconf 82' lang='lat' dir='ltr'>aedem</span> <span class='ocrx_word' id='word_1_199' title='bbox 477 2349 587 2428; x_wconf 83' lang='lat' dir='ltr'>ferret.</span> 
     </span>
    </p>

    <p class='ocr_par' dir='ltr' id='par_1_4' title="bbox 76 2451 1376 2932">
     <span class='ocr_line' id='line_1_20' title="bbox 182 2451 1375 2530; baseline 0 -18"><span class='ocrx_word' id='word_1_200' title='bbox 182 2455 219 2512; x_wconf 85' lang='lat'>13</span> <span class='ocrx_word' id='word_1_201' title='bbox 253 2454 353 2510; x_wconf 88' lang='lat' dir='ltr'>differt</span> <span class='ocrx_word' id='word_1_202' title='bbox 380 2453 419 2511; x_wconf 92' lang='lat' dir='ltr'>ab</span> <span class='ocrx_word' id='word_1_203' title='bbox 442 2461 570 2526; x_wconf 88' lang='lat' dir='ltr'>argento</span> <span class='ocrx_word' id='word_1_204' title='bbox 599 2460 760 2527; x_wconf 88' lang='lat' dir='ltr'>argentum</span> <span class='ocrx_word' id='word_1_205' title='bbox 788 2451 919 2520; x_wconf 89' lang='lat' dir='ltr'>factum,</span> <span class='ocrx_word' id='word_1_206' title='bbox 955 2473 973 2510; x_wconf 90' lang='lat' dir='ltr'>a</span> <span class='ocrx_word' id='word_1_207' title='bbox 996 2471 1099 2510; x_wconf 92' lang='lat' dir='ltr'>massa</span> <span class='ocrx_word' id='word_1_208' title='bbox 1126 2454 1193 2512; x_wconf 92' lang='lat' dir='ltr'>rudi</span> <span class='ocrx_word' id='word_1_209' title='bbox 1220 2456 1316 2530; x_wconf 88' lang='lat' dir='ltr'>qualis</span> <span class='ocrx_word' id='word_1_210' title='bbox 1345 2457 1375 2512; x_wconf 91' lang='lat' dir='ltr'>in</span> 
     </span>
     <span class='ocr_line' id='line_1_21' title="bbox 77 2554 1373 2631; baseline 0.002 -20"><span class='ocrx_word' id='word_1_211' title='bbox 77 2555 210 2612; x_wconf 88' lang='lat' dir='ltr'>metallis</span> <span class='ocrx_word' id='word_1_212' title='bbox 233 2554 378 2611; x_wconf 86' lang='lat' dir='ltr'>effoditur</span> <span class='ocrx_word' id='word_1_213' title='bbox 400 2561 454 2609; x_wconf 91' lang='lat' dir='ltr'>aut</span> <span class='ocrx_word' id='word_1_214' title='bbox 477 2554 658 2627; x_wconf 86' lang='lat' dir='ltr'>excoquitur</span> <span class='ocrx_word' id='word_1_215' title='bbox 681 2554 832 2611; x_wconf 91' lang='lat' dir='ltr'>caelatum</span> <span class='ocrx_word' id='word_1_216' title='bbox 854 2555 1070 2629; x_wconf 90' lang='lat' dir='ltr'>signatumque</span> <span class='ocrx_word' id='word_1_217' title='bbox 1086 2573 1174 2631; x_wconf 68' lang='lat' dir='ltr'>opus</span> <span class='ocrx_word' id='word_1_218' title='bbox 1198 2574 1272 2613; x_wconf 89' lang='lat' dir='ltr'>vasa</span> <span class='ocrx_word' id='word_1_219' title='bbox 1287 2575 1373 2613; x_wconf 92' lang='lat' dir='ltr'>num·</span> 
     </span>
     <span class='ocr_line' id='line_1_22' title="bbox 78 2636 1374 2731; baseline 0.001 -18"><span class='ocrx_word' id='word_1_220' title='bbox 78 2657 191 2731; x_wconf 90' lang='lat' dir='ltr'>mique.</span> <span class='ocrx_word' id='word_1_221' title='bbox 234 2655 307 2711; x_wconf 89' lang='lat' dir='ltr'>item</span> <span class='ocrx_word' id='word_1_222' title='bbox 332 2673 350 2711; x_wconf 87' lang='lat' dir='ltr'>a</span> <span class='ocrx_word' id='word_1_223' title='bbox 374 2653 500 2710; x_wconf 88' lang='lat' dir='ltr'>vesticia</span> <span class='ocrx_word' id='word_1_224' title='bbox 524 2652 601 2710; x_wconf 90' lang='lat' dir='ltr'>haec</span> <span class='ocrx_word' id='word_1_225' title='bbox 624 2653 705 2712; x_wconf 86' lang='lat' dir='ltr'>facta</span> <span class='ocrx_word' id='word_1_226' title='bbox 729 2636 856 2711; x_wconf 43' lang='lat' dir='ltr'>ves&#39;ticia</span> <span class='ocrx_word' id='word_1_227' title='bbox 879 2655 980 2711; x_wconf 89' lang='lat' dir='ltr'>differt</span> <span class='ocrx_word' id='word_1_228' title='bbox 1006 2655 1038 2711; x_wconf 89' lang='lat' dir='ltr'>id</span> <span class='ocrx_word' id='word_1_229' title='bbox 1066 2666 1115 2712; x_wconf 90' lang='lat' dir='ltr'>est</span> <span class='ocrx_word' id='word_1_230' title='bbox 1144 2665 1241 2714; x_wconf 90' lang='lat' dir='ltr'>artem</span> <span class='ocrx_word' id='word_1_231' title='bbox 1269 2657 1374 2714; x_wconf 90' lang='lat' dir='ltr'>buma-</span> 
     </span>
     <span class='ocr_line' id='line_1_23' title="bbox 78 2752 1376 2835; baseline -0.002 -21"><span class='ocrx_word' id='word_1_232' title='bbox 78 2777 152 2815; x_wconf 90' lang='lat' dir='ltr'>nam</span> <span class='ocrx_word' id='word_1_233' title='bbox 174 2765 339 2830; x_wconf 91' lang='lat' dir='ltr'>utcumque</span> <span class='ocrx_word' id='word_1_234' title='bbox 362 2762 499 2829; x_wconf 87' lang='lat' dir='ltr'>experta.</span> <span class='ocrx_word' id='word_1_235' title='bbox 545 2752 623 2810; x_wconf 90' lang='lat' dir='ltr'>Cato</span> <span class='ocrx_word' id='word_1_236' title='bbox 652 2755 732 2812; x_wconf 89' lang='lat' dir='ltr'>iuter</span> <span class='ocrx_word' id='word_1_237' title='bbox 757 2755 864 2811; x_wconf 89' lang='lat' dir='ltr'>vilicae</span> <span class='ocrx_word' id='word_1_238' title='bbox 893 2754 993 2812; x_wconf 86' lang='lat' dir='ltr'>officia</span> <span class='ocrx_word' id='word_1_239' title='bbox 1020 2767 1160 2814; x_wconf 91' lang='lat' dir='ltr'>numerat</span> <span class='ocrx_word' id='word_1_240' title='bbox 1185 2756 1248 2835; x_wconf 84' lang='lat' dir='ltr'>sur</span> <span class='ocrx_word' id='word_1_241' title='bbox 1270 2757 1376 2813; x_wconf 79' lang='lat' dir='ltr'>subtile</span> 
     </span>
     <span class='ocr_line' id='line_1_24' title="bbox 76 2852 1235 2932; baseline 0.002 -18"><span class='ocrx_word' id='word_1_242' title='bbox 76 2859 153 2914; x_wconf 83' lang='lat' dir='ltr'>scr&#39;ut</span> <span class='ocrx_word' id='word_1_243' title='bbox 162 2854 268 2932; x_wconf 80' lang='lat' dir='ltr'>secere</span> <span class='ocrx_word' id='word_1_244' title='bbox 289 2856 374 2924; x_wconf 84' lang='lat' dir='ltr'>(rust.</span> <span class='ocrx_word' id='word_1_245' title='bbox 399 2854 483 2928; x_wconf 83' lang='lat'><strong>143),</strong></span> <span class='ocrx_word' id='word_1_246' title='bbox 509 2871 601 2911; x_wconf 91' lang='lat' dir='ltr'>cocus</span> <span class='ocrx_word' id='word_1_247' title='bbox 626 2855 719 2911; x_wconf 91' lang='lat' dir='ltr'>etiam</span> <span class='ocrx_word' id='word_1_248' title='bbox 741 2872 852 2928; x_wconf 85' lang='lat' dir='ltr'>graece</span> <span class='ocrx_word' id='word_1_249' title='bbox 875 2856 985 2912; x_wconf 93' lang='lat' dir='ltr'>dicitur</span> <span class='ocrx_word' id='word_1_250' title='bbox 1010 2852 1101 2930; x_wconf 84' lang='grc' dir='ltr'>ἕψων</span> <span class='ocrx_word' id='word_1_251' title='bbox 1124 2857 1235 2917; x_wconf 87' lang='grc' dir='ltr'>ποιεῖν.</span> 
     </span>
    </p>

    <p class='ocr_par' dir='ltr' id='par_1_5' title="bbox 73 2956 1377 4748">
     <span class='ocr_line' id='line_1_25' title="bbox 181 2956 1376 3032; baseline 0.001 -17"><span class='ocrx_word' id='word_1_252' title='bbox 181 2959 219 3015; x_wconf 89' lang='grc'>14</span> <span class='ocrx_word' id='word_1_253' title='bbox 250 2956 360 3011; x_wconf 73' lang='lat' dir='ltr'>surieue</span> <span class='ocrx_word' id='word_1_254' title='bbox 382 2973 442 3029; x_wconf 93' lang='lat' dir='ltr'>quo</span> <span class='ocrx_word' id='word_1_255' title='bbox 466 2956 568 3011; x_wconf 92' lang='lat' dir='ltr'>vinum</span> <span class='ocrx_word' id='word_1_256' title='bbox 591 2956 702 3029; x_wconf 88' lang='lat' dir='ltr'>aliique</span> <span class='ocrx_word' id='word_1_257' title='bbox 726 2956 855 3029; x_wconf 88' lang='lat' dir='ltr'>liquores</span> <span class='ocrx_word' id='word_1_258' title='bbox 887 2957 918 3012; x_wconf 92' lang='lat' dir='ltr'>in</span> <span class='ocrx_word' id='word_1_259' title='bbox 946 2959 1092 3032; x_wconf 90' lang='lat' dir='ltr'>templum</span> <span class='ocrx_word' id='word_1_260' title='bbox 1121 2958 1303 3014; x_wconf 88' lang='lat' dir='ltr'>adferuntur</span> <span class='ocrx_word' id='word_1_261' title='bbox 1324 2977 1376 3016; x_wconf 87' lang='lat' dir='ltr'>vas</span> 
     </span>
     <span class='ocr_line' id='line_1_26' title="bbox 77 3056 1375 3133; baseline 0.002 -18"><span class='ocrx_word' id='word_1_262' title='bbox 77 3076 143 3115; x_wconf 91' lang='lat' dir='ltr'>non</span> <span class='ocrx_word' id='word_1_263' title='bbox 165 3075 290 3132; x_wconf 88' lang='lat' dir='ltr'>parvum</span> <span class='ocrx_word' id='word_1_264' title='bbox 323 3073 392 3112; x_wconf 89' lang='lat' dir='ltr'>esse</span> <span class='ocrx_word' id='word_1_265' title='bbox 428 3057 565 3129; x_wconf 89' lang='lat' dir='ltr'>gentium</span> <span class='ocrx_word' id='word_1_266' title='bbox 598 3072 653 3130; x_wconf 90' lang='lat' dir='ltr'>pro</span> <span class='ocrx_word' id='word_1_267' title='bbox 684 3056 792 3130; x_wconf 90' lang='lat' dir='ltr'>quibus</span> <span class='ocrx_word' id='word_1_268' title='bbox 820 3057 1023 3113; x_wconf 89' lang='lat' dir='ltr'>communiter</span> <span class='ocrx_word' id='word_1_269' title='bbox 1051 3075 1138 3114; x_wconf 90' lang='lat' dir='ltr'>sacra</span> <span class='ocrx_word' id='word_1_270' title='bbox 1161 3069 1375 3133; x_wconf 86' lang='lat' dir='ltr'>perpetrantur</span> 
     </span>
     <span class='ocr_line' id='line_1_27' title="bbox 76 3157 1376 3232; baseline 0.002 -17"><span class='ocrx_word' id='word_1_271' title='bbox 76 3158 241 3216; x_wconf 90' lang='lat' dir='ltr'>multitudo</span> <span class='ocrx_word' id='word_1_272' title='bbox 264 3157 384 3231; x_wconf 89' lang='lat' dir='ltr'>probat.</span> <span class='ocrx_word' id='word_1_273' title='bbox 408 3157 526 3229; x_wconf 85' lang='lat' dir='ltr'>¹itaque</span> <span class='ocrx_word' id='word_1_274' title='bbox 549 3157 648 3213; x_wconf 89' lang='lat' dir='ltr'>sinum</span> <span class='ocrx_word' id='word_1_275' title='bbox 671 3158 761 3231; x_wconf 90' lang='lat' dir='ltr'>posui</span> <span class='ocrx_word' id='word_1_276' title='bbox 784 3158 887 3225; x_wconf 88' lang='lat' dir='ltr'>latine,</span> <span class='ocrx_word' id='word_1_277' title='bbox 909 3158 972 3214; x_wconf 90' lang='lat' dir='ltr'>sive</span> <span class='ocrx_word' id='word_1_278' title='bbox 990 3167 1155 3232; x_wconf 87' lang='lat' dir='ltr'>cognatum</span> <span class='ocrx_word' id='word_1_279' title='bbox 1178 3159 1241 3216; x_wconf 87' lang='lat' dir='ltr'>hoc·</span> <span class='ocrx_word' id='word_1_280' title='bbox 1259 3161 1301 3217; x_wconf 93' lang='lat' dir='ltr'>illi</span> <span class='ocrx_word' id='word_1_281' title='bbox 1324 3180 1376 3219; x_wconf 92' lang='lat' dir='ltr'>vo-</span> 
     </span>
     <span class='ocr_line' id='line_1_28' title="bbox 78 3256 1377 3339; baseline 0.002 -21"><span class='ocrx_word' id='word_1_282' title='bbox 78 3260 220 3339; x_wconf 77' lang='lat' dir='ltr'>cabulum</span> <span class='ocrx_word' id='word_1_283' title='bbox 243 3267 303 3326; x_wconf 90' lang='lat' dir='ltr'>est,</span> <span class='ocrx_word' id='word_1_284' title='bbox 334 3259 414 3332; x_wconf 91' lang='lat' dir='ltr'>prior</span> <span class='ocrx_word' id='word_1_285' title='bbox 437 3258 518 3314; x_wconf 86' lang='lat' dir='ltr'>enim</span> <span class='ocrx_word' id='word_1_286' title='bbox 541 3259 572 3314; x_wconf 92' lang='lat' dir='ltr'>in</span> <span class='ocrx_word' id='word_1_287' title='bbox 597 3256 664 3314; x_wconf 86' lang='lat' dir='ltr'>sino</span> <span class='ocrx_word' id='word_1_288' title='bbox 688 3258 804 3334; x_wconf 79' lang='lat' dir='ltr'>syllaba</span> <span class='ocrx_word' id='word_1_289' title='bbox 827 3268 932 3333; x_wconf 89' lang='lat' dir='ltr'>potest</span> <span class='ocrx_word' id='word_1_290' title='bbox 954 3260 1065 3316; x_wconf 90' lang='lat' dir='ltr'>eadem</span> <span class='ocrx_word' id='word_1_291' title='bbox 1088 3260 1194 3318; x_wconf 88' lang='lat' dir='ltr'>haberi</span> <span class='ocrx_word' id='word_1_292' title='bbox 1216 3279 1296 3336; x_wconf 90' lang='lat' dir='ltr'>quae</span> <span class='ocrx_word' id='word_1_293' title='bbox 1319 3264 1377 3321; x_wconf 89' lang='lat' dir='ltr'>du·</span> 
     </span>
     <span class='ocr_line' id='line_1_29' title="bbox 76 3358 1371 3437; baseline 0.003 -20"><span class='ocrx_word' id='word_1_294' title='bbox 76 3361 192 3437; x_wconf 90' lang='lat' dir='ltr'>plicata</span> <span class='ocrx_word' id='word_1_295' title='bbox 213 3361 293 3416; x_wconf 90' lang='lat' dir='ltr'>inest</span> <span class='ocrx_word' id='word_1_296' title='bbox 314 3359 346 3415; x_wconf 90' lang='lat' dir='ltr'>in</span> <span class='ocrx_word' id='word_1_297' title='bbox 367 3359 469 3427; x_wconf 68' lang='lat' dir='ltr'>surico,</span> <span class='ocrx_word' id='word_1_298' title='bbox 493 3360 556 3414; x_wconf 89' lang='lat' dir='ltr'>sive</span> <span class='ocrx_word' id='word_1_299' title='bbox 579 3358 720 3416; x_wconf 91' lang='lat' dir='ltr'>diversae</span> <span class='ocrx_word' id='word_1_300' title='bbox 743 3361 877 3434; x_wconf 79' lang='lat' dir='ltr'>originis,</span> <span class='ocrx_word' id='word_1_301' title='bbox 927 3379 998 3417; x_wconf 89' lang='lat' dir='ltr'>nam</span> <span class='ocrx_word' id='word_1_302' title='bbox 1022 3362 1105 3417; x_wconf 89' lang='lat' dir='ltr'>sinus</span> <span class='ocrx_word' id='word_1_303' title='bbox 1129 3362 1175 3417; x_wconf 91' lang='lat' dir='ltr'>vel</span> <span class='ocrx_word' id='word_1_304' title='bbox 1196 3363 1296 3419; x_wconf 91' lang='lat' dir='ltr'>sinum</span> <span class='ocrx_word' id='word_1_305' title='bbox 1319 3383 1371 3422; x_wconf 91' lang='lat' dir='ltr'>vas</span> 
     </span>
     <span class='ocr_line' id='line_1_30' title="bbox 75 3458 1373 3536; baseline 0.003 -19"><span class='ocrx_word' id='word_1_306' title='bbox 75 3462 222 3536; x_wconf 84' lang='lat' dir='ltr'>grandius</span> <span class='ocrx_word' id='word_1_307' title='bbox 245 3479 263 3516; x_wconf 94' lang='lat' dir='ltr'>a</span> <span class='ocrx_word' id='word_1_308' title='bbox 286 3458 424 3516; x_wconf 91' lang='lat' dir='ltr'>Varrone</span> <span class='ocrx_word' id='word_1_309' title='bbox 448 3460 466 3518; x_wconf 93' lang='lat' dir='ltr'>l.</span> <span class='ocrx_word' id='word_1_310' title='bbox 489 3459 541 3517; x_wconf 92' lang='lat' dir='ltr'>lat.</span> <span class='ocrx_word' id='word_1_311' title='bbox 566 3459 594 3514; x_wconf 94' lang='lat' dir='ltr'>V</span> <span class='ocrx_word' id='word_1_312' title='bbox 610 3461 680 3529; x_wconf 79' lang='lat'>123,</span> <span class='ocrx_word' id='word_1_313' title='bbox 712 3477 764 3516; x_wconf 88' lang='lat' dir='ltr'>vas</span> <span class='ocrx_word' id='word_1_314' title='bbox 787 3461 925 3535; x_wconf 91' lang='lat' dir='ltr'>patulum</span> <span class='ocrx_word' id='word_1_315' title='bbox 948 3462 987 3517; x_wconf 92' lang='lat' dir='ltr'>ab</span> <span class='ocrx_word' id='word_1_316' title='bbox 1010 3462 1109 3536; x_wconf 88' lang='lat' dir='ltr'>Aspro</span> <span class='ocrx_word' id='word_1_317' title='bbox 1132 3462 1163 3519; x_wconf 91' lang='lat' dir='ltr'>in</span> <span class='ocrx_word' id='word_1_318' title='bbox 1187 3463 1373 3521; x_wconf 89' lang='lat' dir='ltr'>Veronensi·</span> 
     </span>
     <span class='ocr_line' id='line_1_31' title="bbox 75 3558 1375 3640; baseline 0.003 -23"><span class='ocrx_word' id='word_1_319' title='bbox 75 3563 134 3618; x_wconf 92' lang='lat' dir='ltr'>bus</span> <span class='ocrx_word' id='word_1_320' title='bbox 157 3560 278 3616; x_wconf 89' lang='lat' dir='ltr'>scholiis</span> <span class='ocrx_word' id='word_1_321' title='bbox 301 3559 414 3632; x_wconf 89' lang='lat' dir='ltr'>Vergili</span> <span class='ocrx_word' id='word_1_322' title='bbox 438 3559 493 3618; x_wconf 89' lang='lat' dir='ltr'>ecl.</span> <span class='ocrx_word' id='word_1_323' title='bbox 519 3558 633 3618; x_wconf 85' lang='lat' dir='ltr'><strong>V1133</strong></span> <span class='ocrx_word' id='word_1_324' title='bbox 657 3561 769 3617; x_wconf 89' lang='lat' dir='ltr'>dicitur</span> <span class='ocrx_word' id='word_1_325' title='bbox 792 3562 938 3618; x_wconf 90' lang='lat' dir='ltr'>vinarium</span> <span class='ocrx_word' id='word_1_326' title='bbox 968 3571 1000 3618; x_wconf 94' lang='lat' dir='ltr'>et</span> <span class='ocrx_word' id='word_1_327' title='bbox 1023 3563 1197 3631; x_wconf 85' lang='lat' dir='ltr'>lactarium,</span> <span class='ocrx_word' id='word_1_328' title='bbox 1229 3565 1375 3640; x_wconf 87' lang='lat' dir='ltr'>antiquae</span> 
     </span>
     <span class='ocr_line' id='line_1_32' title="bbox 75 3659 1374 3735; baseline 0.005 -17"><span class='ocrx_word' id='word_1_329' title='bbox 75 3662 110 3718; x_wconf 93' lang='lat' dir='ltr'>id</span> <span class='ocrx_word' id='word_1_330' title='bbox 134 3662 363 3718; x_wconf 87' lang='lat' dir='ltr'>consuetudinis</span> <span class='ocrx_word' id='word_1_331' title='bbox 386 3659 479 3716; x_wconf 89' lang='lat' dir='ltr'>fuisse</span> <span class='ocrx_word' id='word_1_332' title='bbox 502 3661 582 3734; x_wconf 90' lang='lat' dir='ltr'>prius</span> <span class='ocrx_word' id='word_1_333' title='bbox 606 3678 699 3735; x_wconf 87' lang='lat' dir='ltr'>quam</span> <span class='ocrx_word' id='word_1_334' title='bbox 723 3662 839 3718; x_wconf 88' lang='lat' dir='ltr'>formae</span> <span class='ocrx_word' id='word_1_335' title='bbox 859 3681 999 3720; x_wconf 90' lang='lat' dir='ltr'>vasorum</span> <span class='ocrx_word' id='word_1_336' title='bbox 1022 3672 1163 3721; x_wconf 90' lang='lat' dir='ltr'>recentes</span> <span class='ocrx_word' id='word_1_337' title='bbox 1186 3683 1223 3720; x_wconf 89' lang='lat' dir='ltr'>ex</span> <span class='ocrx_word' id='word_1_338' title='bbox 1242 3665 1374 3727; x_wconf 83' lang='lat' dir='ltr'>Graecia</span> 
     </span>
     <span class='ocr_line' id='line_1_33' title="bbox 76 3761 1373 3842; baseline 0.005 -24"><span class='ocrx_word' id='word_1_339' title='bbox 76 3761 202 3818; x_wconf 88' lang='lat' dir='ltr'>adlatae</span> <span class='ocrx_word' id='word_1_340' title='bbox 225 3761 487 3818; x_wconf 90' lang='lat' dir='ltr'>increbrescerent</span> <span class='ocrx_word' id='word_1_341' title='bbox 510 3770 540 3817; x_wconf 87' lang='lat' dir='ltr'>et</span> <span class='ocrx_word' id='word_1_342' title='bbox 563 3763 758 3837; x_wconf 88' lang='lat' dir='ltr'>acratophori</span> <span class='ocrx_word' id='word_1_343' title='bbox 781 3764 877 3820; x_wconf 87' lang='lat' dir='ltr'>simile</span> <span class='ocrx_word' id='word_1_344' title='bbox 893 3781 954 3838; x_wconf 94' lang='lat' dir='ltr'>quo</span> <span class='ocrx_word' id='word_1_345' title='bbox 971 3765 1072 3822; x_wconf 91' lang='lat' dir='ltr'>vinum</span> <span class='ocrx_word' id='word_1_346' title='bbox 1094 3766 1123 3821; x_wconf 87' lang='lat' dir='ltr'>in</span> <span class='ocrx_word' id='word_1_347' title='bbox 1148 3785 1261 3829; x_wconf 85' lang='lat' dir='ltr'>mensa</span> <span class='ocrx_word' id='word_1_348' title='bbox 1278 3784 1373 3842; x_wconf 91' lang='lat' dir='ltr'>pone·</span> 
     </span>
     <span class='ocr_line' id='line_1_34' title="bbox 74 3861 1374 3943; baseline 0.005 -24"><span class='ocrx_word' id='word_1_349' title='bbox 74 3870 160 3919; x_wconf 93' lang='lat' dir='ltr'>retur</span> <span class='ocrx_word' id='word_1_350' title='bbox 179 3861 276 3918; x_wconf 86' lang='lat' dir='ltr'>Varro</span> <span class='ocrx_word' id='word_1_351' title='bbox 297 3862 411 3918; x_wconf 91' lang='lat' dir='ltr'>ibidem</span> <span class='ocrx_word' id='word_1_352' title='bbox 433 3861 479 3917; x_wconf 91' lang='lat' dir='ltr'>IX</span> <span class='ocrx_word' id='word_1_353' title='bbox 498 3864 534 3920; x_wconf 82' lang='lat'>21</span> <span class='ocrx_word' id='word_1_354' title='bbox 560 3872 591 3919; x_wconf 91' lang='lat' dir='ltr'>et</span> <span class='ocrx_word' id='word_1_355' title='bbox 614 3864 655 3920; x_wconf 90' lang='lat' dir='ltr'>de</span> <span class='ocrx_word' id='word_1_356' title='bbox 679 3865 739 3920; x_wconf 86' lang='lat' dir='ltr'>vita</span> <span class='ocrx_word' id='word_1_357' title='bbox 762 3865 869 3940; x_wconf 92' lang='lat' dir='ltr'>populi</span> <span class='ocrx_word' id='word_1_358' title='bbox 904 3883 977 3924; x_wconf 91' lang='lat' dir='ltr'>rom.</span> <span class='ocrx_word' id='word_1_359' title='bbox 1001 3866 1077 3923; x_wconf 91' lang='lat' dir='ltr'>libro</span> <span class='ocrx_word' id='word_1_360' title='bbox 1100 3866 1114 3923; x_wconf 90' lang='lat' dir='ltr'>I</span> <span class='ocrx_word' id='word_1_361' title='bbox 1138 3868 1284 3943; x_wconf 88' lang='lat' dir='ltr'>scriptum</span> <span class='ocrx_word' id='word_1_362' title='bbox 1306 3870 1374 3925; x_wconf 91' lang='lat' dir='ltr'>reli·</span> 
     </span>
     <span class='ocr_line' id='line_1_35' title="bbox 75 3961 1373 4043; baseline 0.008 -26"><span class='ocrx_word' id='word_1_363' title='bbox 75 3964 153 4038; x_wconf 88' lang='lat' dir='ltr'>quit.</span> <span class='ocrx_word' id='word_1_364' title='bbox 198 3982 260 4020; x_wconf 90' lang='lat' dir='ltr'>non</span> <span class='ocrx_word' id='word_1_365' title='bbox 283 3971 356 4038; x_wconf 88' lang='lat' dir='ltr'>apta</span> <span class='ocrx_word' id='word_1_366' title='bbox 376 3961 447 4019; x_wconf 91' lang='lat' dir='ltr'>huic</span> <span class='ocrx_word' id='word_1_367' title='bbox 468 3964 636 4021; x_wconf 90' lang='lat' dir='ltr'>ministerio</span> <span class='ocrx_word' id='word_1_368' title='bbox 653 3967 763 4023; x_wconf 90' lang='lat' dir='ltr'>seriola</span> <span class='ocrx_word' id='word_1_369' title='bbox 785 3976 832 4023; x_wconf 90' lang='lat' dir='ltr'>est</span> <span class='ocrx_word' id='word_1_370' title='bbox 854 3985 947 4041; x_wconf 89' lang='lat' dir='ltr'>parva</span> <span class='ocrx_word' id='word_1_371' title='bbox 963 3967 1036 4023; x_wconf 91' lang='lat' dir='ltr'>dolii</span> <span class='ocrx_word' id='word_1_372' title='bbox 1052 3969 1172 4042; x_wconf 90' lang='lat' dir='ltr'>species</span> <span class='ocrx_word' id='word_1_373' title='bbox 1189 3986 1249 4043; x_wconf 91' lang='lat' dir='ltr'>qua</span> <span class='ocrx_word' id='word_1_374' title='bbox 1273 3971 1373 4027; x_wconf 88' lang='lat' dir='ltr'>vinum</span> 
     </span>
     <span class='ocr_line' id='line_1_36' title="bbox 74 4064 1371 4146; baseline 0.007 -26"><span class='ocrx_word' id='word_1_375' title='bbox 74 4064 240 4138; x_wconf 90' lang='lat' dir='ltr'>oleumque</span> <span class='ocrx_word' id='word_1_376' title='bbox 264 4064 426 4122; x_wconf 88' lang='lat' dir='ltr'>adservare</span> <span class='ocrx_word' id='word_1_377' title='bbox 452 4066 594 4123; x_wconf 90' lang='lat' dir='ltr'>solebant</span> <span class='ocrx_word' id='word_1_378' title='bbox 610 4067 753 4128; x_wconf 91' lang='lat' dir='ltr'>Romani.</span> <span class='ocrx_word' id='word_1_379' title='bbox 792 4070 864 4126; x_wconf 91' lang='lat' dir='ltr'>sinis</span> <span class='ocrx_word' id='word_1_380' title='bbox 881 4069 970 4142; x_wconf 86' lang='lat' dir='ltr'>igitur</span> <span class='ocrx_word' id='word_1_381' title='bbox 985 4069 1110 4143; x_wconf 89' lang='lat' dir='ltr'>singulis</span> <span class='ocrx_word' id='word_1_382' title='bbox 1127 4070 1261 4128; x_wconf 88' lang='lat' dir='ltr'>feruntur</span> <span class='ocrx_word' id='word_1_383' title='bbox 1276 4090 1371 4146; x_wconf 91' lang='lat' dir='ltr'>posca</span> 
     </span>
     <span class='ocr_line' id='line_1_37' title="bbox 75 4165 1371 4242; baseline 0.008 -23"><span class='ocrx_word' id='word_1_384' title='bbox 75 4165 179 4220; x_wconf 89' lang='lat' dir='ltr'>vinum</span> <span class='ocrx_word' id='word_1_385' title='bbox 202 4170 280 4222; x_wconf 84' lang='lat' dir='ltr'>utur.</span> <span class='ocrx_word' id='word_1_386' title='bbox 326 4166 386 4223; x_wconf 93' lang='lat' dir='ltr'>hoc</span> <span class='ocrx_word' id='word_1_387' title='bbox 410 4186 479 4224; x_wconf 92' lang='lat' dir='ltr'>cum</span> <span class='ocrx_word' id='word_1_388' title='bbox 500 4186 554 4242; x_wconf 89' lang='lat' dir='ltr'>per</span> <span class='ocrx_word' id='word_1_389' title='bbox 576 4169 744 4228; x_wconf 89' lang='lat' dir='ltr'>litterarum</span> <span class='ocrx_word' id='word_1_390' title='bbox 767 4173 903 4228; x_wconf 89' lang='lat' dir='ltr'>rationes</span> <span class='ocrx_word' id='word_1_391' title='bbox 926 4171 1128 4228; x_wconf 89' lang='lat' dir='ltr'>umbricarum</span> <span class='ocrx_word' id='word_1_392' title='bbox 1151 4189 1212 4229; x_wconf 91' lang='lat' dir='ltr'>non</span> <span class='ocrx_word' id='word_1_393' title='bbox 1234 4181 1371 4231; x_wconf 89' lang='lat' dir='ltr'>vetemur</span> 
     </span>
     <span class='ocr_line' id='line_1_38' title="bbox 75 4265 1373 4347; baseline 0.008 -27"><span class='ocrx_word' id='word_1_394' title='bbox 75 4283 154 4321; x_wconf 92' lang='lat' dir='ltr'>voce</span> <span class='ocrx_word' id='word_1_395' title='bbox 175 4265 289 4322; x_wconf 86' lang='lat' dir='ltr'>referre</span> <span class='ocrx_word' id='word_1_396' title='bbox 313 4269 397 4336; x_wconf 84' lang='lat' dir='ltr'>udor,</span> <span class='ocrx_word' id='word_1_397' title='bbox 431 4270 512 4325; x_wconf 89' lang='lat' dir='ltr'>adeo</span> <span class='ocrx_word' id='word_1_398' title='bbox 548 4271 682 4328; x_wconf 90' lang='lat' dir='ltr'>concinit</span> <span class='ocrx_word' id='word_1_399' title='bbox 716 4289 786 4328; x_wconf 91' lang='lat' dir='ltr'>cum</span> <span class='ocrx_word' id='word_1_400' title='bbox 808 4288 921 4345; x_wconf 92' lang='lat' dir='ltr'>graeco</span> <span class='ocrx_word' id='word_1_401' title='bbox 958 4271 1082 4328; x_wconf 90' lang='lat' dir='ltr'>nomine</span> <span class='ocrx_word' id='word_1_402' title='bbox 1113 4266 1202 4346; x_wconf 85' lang='grc' dir='ltr'>ὕδωρ</span> <span class='ocrx_word' id='word_1_403' title='bbox 1235 4275 1318 4347; x_wconf 89' lang='lat' dir='ltr'>quod</span> <span class='ocrx_word' id='word_1_404' title='bbox 1343 4275 1373 4331; x_wconf 91' lang='lat' dir='ltr'>in</span> 
     </span>
     <span class='ocr_line' id='line_1_39' title="bbox 75 4364 1371 4448; baseline 0.008 -24"><span class='ocrx_word' id='word_1_405' title='bbox 75 4367 207 4424; x_wconf 91' lang='lat' dir='ltr'>Boeotia</span> <span class='ocrx_word' id='word_1_406' title='bbox 229 4370 360 4426; x_wconf 89' lang='lat' dir='ltr'>sonabat</span> <span class='ocrx_word' id='word_1_407' title='bbox 382 4364 490 4443; x_wconf 86' lang='grc' dir='ltr'>οὔδωρ</span> <span class='ocrx_word' id='word_1_408' title='bbox 514 4367 648 4443; x_wconf 86' lang='lat' dir='ltr'>(Ahrens</span> <span class='ocrx_word' id='word_1_409' title='bbox 672 4373 743 4431; x_wconf 91' lang='lat' dir='ltr'>dial.</span> <span class='ocrx_word' id='word_1_410' title='bbox 768 4373 846 4432; x_wconf 93' lang='lat' dir='ltr'>aeol.</span> <span class='ocrx_word' id='word_1_411' title='bbox 863 4390 893 4447; x_wconf 94' lang='lat' dir='ltr'>p.</span> <span class='ocrx_word' id='word_1_412' title='bbox 913 4366 985 4448; x_wconf 86' lang='lat'>180)</span> <span class='ocrx_word' id='word_1_413' title='bbox 1007 4382 1040 4429; x_wconf 92' lang='lat' dir='ltr'>ut</span> <span class='ocrx_word' id='word_1_414' title='bbox 1063 4390 1163 4448; x_wconf 90' lang='lat' dir='ltr'>aquae</span> <span class='ocrx_word' id='word_1_415' title='bbox 1188 4376 1371 4434; x_wconf 90' lang='lat' dir='ltr'>vocabulum</span> 
     </span>
     <span class='ocr_line' id='line_1_40' title="bbox 74 4471 1369 4547; baseline 0.008 -23"><span class='ocrx_word' id='word_1_416' title='bbox 74 4486 246 4543; x_wconf 89' lang='lat' dir='ltr'>agnoscere</span> <span class='ocrx_word' id='word_1_417' title='bbox 267 4487 330 4526; x_wconf 91' lang='lat' dir='ltr'>non</span> <span class='ocrx_word' id='word_1_418' title='bbox 354 4471 502 4528; x_wconf 89' lang='lat' dir='ltr'>dubitem.</span> <span class='ocrx_word' id='word_1_419' title='bbox 548 4480 642 4545; x_wconf 89' lang='lat' dir='ltr'>atque</span> <span class='ocrx_word' id='word_1_420' title='bbox 664 4473 742 4530; x_wconf 87' lang='lat' dir='ltr'>infra</span> <span class='ocrx_word' id='word_1_421' title='bbox 765 4474 817 4529; x_wconf 92' lang='lat' dir='ltr'>ubi</span> <span class='ocrx_word' id='word_1_422' title='bbox 839 4491 886 4530; x_wconf 91' lang='lat' dir='ltr'>res</span> <span class='ocrx_word' id='word_1_423' title='bbox 914 4474 1036 4530; x_wconf 88' lang='lat' dir='ltr'>adlatas</span> <span class='ocrx_word' id='word_1_424' title='bbox 1063 4476 1210 4533; x_wconf 89' lang='lat' dir='ltr'>sacerdos</span> <span class='ocrx_word' id='word_1_425' title='bbox 1233 4477 1369 4547; x_wconf 85' lang='lat' dir='ltr'>adhibet,</span> 
     </span>
     <span class='ocr_line' id='line_1_41' title="bbox 73 4571 1368 4652; baseline 0.009 -28"><span class='ocrx_word' id='word_1_426' title='bbox 73 4571 162 4644; x_wconf 90' lang='lat' dir='ltr'>quod</span> <span class='ocrx_word' id='word_1_427' title='bbox 185 4579 255 4644; x_wconf 89' lang='lat' dir='ltr'>post</span> <span class='ocrx_word' id='word_1_428' title='bbox 278 4590 350 4627; x_wconf 89' lang='lat' dir='ltr'>vasa</span> <span class='ocrx_word' id='word_1_429' title='bbox 372 4590 452 4628; x_wconf 80' lang='lat' dir='ltr'>remu</span> <span class='ocrx_word' id='word_1_430' title='bbox 474 4589 570 4645; x_wconf 91' lang='lat' dir='ltr'>posca</span> <span class='ocrx_word' id='word_1_431' title='bbox 594 4574 694 4630; x_wconf 90' lang='lat' dir='ltr'>vinum</span> <span class='ocrx_word' id='word_1_432' title='bbox 717 4583 924 4631; x_wconf 91' lang='lat' dir='ltr'>memorantur</span> <span class='ocrx_word' id='word_1_433' title='bbox 947 4575 1135 4648; x_wconf 89' lang='lat' dir='ltr'>singillatim,</span> <span class='ocrx_word' id='word_1_434' title='bbox 1170 4577 1244 4652; x_wconf 88' lang='lat' dir='ltr'>ipsis</span> <span class='ocrx_word' id='word_1_435' title='bbox 1267 4580 1310 4636; x_wconf 90' lang='lat' dir='ltr'>eis</span> <span class='ocrx_word' id='word_1_436' title='bbox 1335 4580 1368 4636; x_wconf 95' lang='lat' dir='ltr'>li-</span> 
     </span>
     <span class='ocr_line' id='line_1_42' title="bbox 73 4671 1374 4748; baseline 0.007 -22"><span class='ocrx_word' id='word_1_437' title='bbox 73 4671 223 4744; x_wconf 90' lang='lat' dir='ltr'>quoribus</span> <span class='ocrx_word' id='word_1_438' title='bbox 247 4673 382 4729; x_wconf 89' lang='lat' dir='ltr'>venerari</span> <span class='ocrx_word' id='word_1_439' title='bbox 405 4674 497 4729; x_wconf 87' lang='lat' dir='ltr'>deum</span> <span class='ocrx_word' id='word_1_440' title='bbox 520 4675 675 4747; x_wconf 89' lang='lat' dir='ltr'>putandus</span> <span class='ocrx_word' id='word_1_441' title='bbox 699 4677 820 4748; x_wconf 91' lang='lat' dir='ltr'>estqui</span> <span class='ocrx_word' id='word_1_442' title='bbox 850 4675 909 4734; x_wconf 85' lang='lat' dir='ltr'>hoc</span> <span class='ocrx_word' id='word_1_443' title='bbox 933 4677 1002 4734; x_wconf 92' lang='lat' dir='ltr'>loco</span> <span class='ocrx_word' id='word_1_444' title='bbox 1024 4678 1054 4732; x_wconf 88' lang='lat' dir='ltr'>in</span> <span class='ocrx_word' id='word_1_445' title='bbox 1078 4678 1162 4734; x_wconf 87' lang='lat' dir='ltr'>sinos</span> <span class='ocrx_word' id='word_1_446' title='bbox 1186 4679 1374 4738; x_wconf 87' lang='lat' dir='ltr'>distribuun-</span> 
     </span>
    </p>

    <p class='ocr_par' dir='ltr' id='par_1_6' title="bbox 1145 4782 1178 4832">
     <span class='ocr_line' id='line_1_43' title="bbox 1145 4782 1178 4832; baseline 0 0"><span class='ocrx_word' id='word_1_447' title='bbox 1145 4782 1178 4832; x_wconf 89' lang='lat'>10</span> 
     </span>
    </p>
   </div>
   <div class='ocr_carea' id='block_1_4' title="bbox 0 0 1876 5364">
    <p class='ocr_par' dir='ltr' id='par_1_7' title="bbox 0 0 1876 5364">
     <span class='ocr_line' id='line_1_44' title="bbox 0 0 1876 5364; baseline 0 2"><span class='ocrx_word' id='word_1_448' title='bbox 0 0 1876 5364; x_wconf 95' lang='lat' dir='ltr'> </span> 
     </span>
    </p>
   </div>
  </div>
 </body>
</html>
