3742 5364
697 315 755 381 185

179 527 194 564 s
221 508 280 567 ista
310 507 408 566 finalis
437 525 455 563 a
484 516 544 564 vet.
568 507 720 564 omittitur
751 514 824 583 post
855 508 978 584 longam
1013 508 1205 583 potissimum
1228 505 1382 568 vocalem:

79 609 228 667 Ikuvr‘rtus
251 610 381 668 Ikuvinu
404 626 463 668 rec.
491 607 630 664 Iiovz'nur
650 607 778 682 Iguvini,
802 625 872 681 gen.
900 610 978 684 sing.
1001 609 1093 666 katles
1114 610 1200 679 karle,
1224 610 1284 669 abl.
1307 612 1381 686 plur.

76 711 203 768 anlakre
224 712 346 771 kumele.
381 711 536 785 duplicem
557 727 571 764 s
593 707 706 766 habere
729 709 849 765 videtur
873 710 937 768 dat.
953 711 1028 784 plur.
1044 711 1187 778 sevaknt's,
1211 720 1295 768 certe
1312 713 1379 785 qui·

76 811 152 867 dem
175 811 270 868 etiam
291 829 354 870 rec.
377 829 433 885 per
453 829 468 865 s
490 809 621 867 efferunt
654 810 733 867 aven
759 810 895 883 peracrz's
921 812 1023 875 sacrz's,
1058 820 1162 868 tamen
1191 813 1285 869 etiam
1308 811 1377 869 huic

77 911 184 968 dativo
204 930 219 968 s
241 913 381 970 detracta
404 919 451 968 est
472 910 595 967 teaakne
616 908 705 978 1V9,
727 928 786 966 nec
802 911 1001 984 persuadebit
1020 912 1113 986 siquis
1137 912 1286 987 plurativa
1309 930 1377 969 esse

75 1020 172 1085 neget
196 1013 351 1070 Atzi'edz'ale
373 1021 426 1069 aut
449 1019 552 1068 cetera
576 1011 702 1068 nomina
731 1010 846 1069 11132.
882 1020 913 1068 at
935 1029 994 1070 rec.
1017 1013 1196 1086 parcissime
1217 1033 1236 1068 r
1258 1013 1379 1070 finalem

76 1113 170 1169 istam
192 1115 347 1180 omittunt,
370 1112 421 1168 ubi
442 1112 556 1168 nullum
579 1110 611 1166 fit
632 1112 764 1168 orationi
784 1112 965 1186 perspicuae
988 1113 1144 1180 damnum,
1168 1115 1197 1170 in
1213 1131 1282 1187 gen.
1298 1115 1375 1189 sing.

77 1233 153 1288 agre
178 1214 273 1271 Tlalz'e
296 1213 420 1287 Pz'quier
438 1211 578 1279 Martiar,
603 1213 697 1269 semel
722 1231 804 1269 ocrer
828 1214 915 1282 Filia
945 1214 996 1270 ubi
1017 1215 1185 1288 praecessit
1208 1233 1289 1275 nom.
1305 1218 1379 1290 plur.

83 1313 273 1381 Clavernz'ur,
296 1315 327 1371 in
350 1315 413 1374 dat.
431 1313 507 1388 plur.
537 1311 686 1374 Claverm',

177 1509 295 1574 Izeta
319 1514 349 1570 in
372 1521 429 1572 vet.
447 1513 616 1569 litteratura
632 1511 784 1586 significat
807 1513 965 1570 dentalem
988 1529 1140 1569 conexam
1163 1530 1232 1570 cum
1254 1533 1277 1581 s,
1300 1500 1377 1571 laica

77 1616 199 1683 tacitus,
223 1614 348 1692 azarius
364 1614 403 1670 ab
426 1614 562 1671 edendo,

178 1719 345 1776 succrescit
367 1717 499 1775 dentalis
523 1735 560 1773 ex
583 1736 616 1773 n:
649 1717 740 1773 serz'lu
764 1717 821 1773 sed
844 1717 1009 1791 ananiam,
1039 1734 1157 1773 menzne
1180 1735 1296 1787 mense,
1327 1738 1379 1776 uae

75 1838 137 1877 rec.
163 1839 228 1876 onte
250 1837 355 1876 umero
378 1819 416 1878 cf.
440 1836 515 1876 osca
537 1817 697 1875 M'umsz'eis
720 1814 907 1892 Νιυμσδιηις
930 1819 963 1874 id
985 1827 1034 1875 est
1056 1818 1231 1879 ddumzr'er's.

177 1922 329 1995 singulare
352 1928 399 1977 est
421 1918 509 1996 aedes
523 1936 583 1978 rec.
598 1937 674 1974 serse
694 1920 817 1977 sedens.
856 1917 930 1976 Osci
949 1918 1111 1976 aefferunt
1128 1937 1184 1994 pro
1200 1938 1267 1977 eas
1285 1940 1376 1996 quam

76 2023 190 2081 Graeci
213 2023 365 2088 abiciunt,
388 2020 494 2077 Vmbri
519 2020 681 2095 Latinique
704 2020 734 2075 in
762 2038 781 2075 r
808 2026 929 2076 vertunt
956 2027 990 2077 ut
1015 2037 1162 2094 egmazum
1186 2029 1316 2079 censaael
1336 2025 1373 2082 al.

75 2125 108 2181 in
131 2125 180 2182 illo
204 2123 316 2181 Graeci
339 2119 424 2196 ἕδος.

177 2320 213 2384 Μ
235 2323 343 2379 finiens
358 2321 508 2378 vocabula
519 2319 683 2394 negligitur
697 2335 782 2375 more
806 2319 915 2376 latino:
942 2326 1020 2377 mula
1036 2322 1171 2392 multam,
1195 2322 1248 2380 buo
1273 2326 1373 2386 boum.

76 2431 210 2499 ampenlu
236 2431 349 2498 apertu,
385 2424 458 2479 item
481 2422 547 2478 kum
570 2421 619 2487 ku,
643 2439 702 2476 vem
726 2439 778 2477 ven
802 2439 834 2476 ae
865 2421 1010 2495 praefixa.
1055 2423 1147 2480 etiam
1171 2432 1271 2498 aprelu
1292 2429 1376 2484 iuxta

74 2545 145 2583 cunr
168 2536 274 2601 ampr·.
299 2525 397 2582 z'numk
419 2523 532 2580 eburnei
553 2522 633 2581 z'nuk.
1299 2509 1301 2512 ’

176 2628 207 2683 in
228 2627 287 2683 fine
311 2626 527 2683 vocabulorum
551 2624 591 2680 ob
607 2622 781 2707 instabilem
798 2641 906 2681 sonum
928 2643 954 2680 m
978 2633 1009 2681 et
1032 2644 1050 2681 n
1074 2636 1296 2700 permutantur,
1320 2648 1374 2684 nu-

75 2747 145 2784 mam
160 2746 283 2794 nomen,
308 2737 380 2785 ante
398 2727 456 2783 iet
470 2732 542 2783 ante
556 2743 571 2779 s
586 2732 640 2781 aut
653 2725 757 2798 potins
774 2724 825 2780 ubi
839 2725 1035 2798 interpuncta
1051 2736 1098 2783 est
1113 2729 1220 2788 oratio
1258 2748 1291 2785 en
1307 2747 1375 2804 par·

74 2831 168 2887 ticula
191 2839 253 2888 tam
275 2830 305 2886 in
329 2847 370 2885 em
393 2827 467 2885 abiit
482 2845 575 2901 quam
597 2827 628 2882 in
649 2841 678 2881 e:
705 2825 736 2881 in
758 2827 866 2883 urbem
880 2834 983 2900 potest
1000 2828 1075 2883 verti
1097 2833 1221 2885 tatamen
1245 2835 1374 2886 salomem

75 2936 186 3001 taleme,
209 2932 240 2987 in
263 2931 337 2986 urbe
361 2935 415 2985 tole
437 2948 451 2984 e
474 2928 558 3001 quod
581 2928 611 2982 in
633 2932 687 2983 tote
710 2926 899 2984 contrahitur
914 2935 967 2984 aut
981 2933 1062 2984 lolem
1086 2938 1138 2986 aut
1157 2931 1292 3004 deniqne
1308 2940 1375 2989 tan·

75 3050 168 3106 quam
191 3030 325 3088 confusis
348 3031 452 3087 formis
477 3028 535 3085 hac
557 3035 590 3084 et
609 3029 658 3085 illa
680 3029 766 3103 quod
788 3029 834 3085 bis
857 3029 986 3086 incisum
1009 3037 1057 3086 est
1078 3036 1182 3090 taleme.
1233 3032 1374 3090 nimirum

76 3134 237 3190 vacillabat
259 3135 290 3189 in
313 3139 393 3190 lolem
416 3133 516 3190 littera
539 3132 719 3201 decretoria,
753 3133 857 3207 itaque
881 3149 960 3207 quae
985 3132 1081 3190 forma
1108 3135 1276 3209 particulae
1309 3145 1371 3194 tum

76 3245 142 3293 erat
165 3236 362 3293 usitatissima
385 3233 538 3313 (sernas-e
550 3233 685 3310 semer-e
707 3237 856 3308 anglona-e
879 3228 1010 3313 asam-e),
1033 3235 1297 3309 eamadfigebant
1318 3238 1371 3294 de·

75 3357 137 3394 nuo
159 3356 259 3412 nequa
283 3338 360 3394 foret
383 3339 424 3394 de
445 3338 510 3411 ipsa
534 3335 760 3410 postpositione
782 3336 942 3395 dubitatio

175 3455 268 3513 saepe
284 3457 310 3494 m
323 3447 355 3496 et
366 3458 384 3494 n
397 3439 591 3519 colliduntur:
615 3454 732 3493 nomner
746 3442 858 3493 lermnu
875 3443 996 3496 tremnu.
1023 3437 1176 3495 insolitum
1192 3457 1248 3494 une
1260 3439 1322 3496 IIB
1334 3444 1374 3501 20

75 3557 130 3613 pro
152 3558 234 3595 umne
256 3549 392 3608 omento,
417 3541 460 3596 sic
477 3540 689 3596 Romanenses
706 3538 847 3606 colonna,
872 3549 976 3596 contra
1000 3538 1162 3595 semidocti
1175 3538 1372 3600 Gammnam.

176 3734 199 3796 Ν
228 3754 376 3811 persaepe
403 3737 551 3793 omittitur
580 3745 653 3794 ante
674 3755 688 3792 s
709 3753 725 3792 a
735 3734 768 3813 s,
802 3744 874 3793 ante
907 3736 1075 3809 gutturales
1109 3730 1204 3811 (aeta
1239 3736 1371 3814 ivengu),

75 3847 146 3895 ante
169 3844 182 3894 t
202 3834 355 3914 (persulru
372 3839 549 3911 persondrza
580 3844 691 3894 uslenlu
714 3846 745 3894 et
767 3843 839 3894 uslei
861 3840 880 3912 l.
927 3856 986 3897 rec.
998 3837 1132 3918 sursanl
1163 3847 1222 3898 vet.
1246 3837 1373 3917 farsa-‘i

75 3940 199 3998 adiecta
220 3941 321 4015 aliquo
347 3942 442 3997 modo
465 3941 648 4014 insequente
671 3941 796 4008 dentali,
818 3958 856 3997 ne
879 3940 996 3998 incerta
1019 3951 1102 3997 esset
1124 3941 1299 4003 declinatio.

174 4045 204 4100 in
227 4043 286 4099 fine
308 4061 371 4099 non
393 4050 511 4117 perstat
534 4059 566 4100 n:
600 4061 661 4103 rec.
685 4051 863 4100 constanter
893 4062 984 4113 nome,
1007 4045 1091 4117 posti
1109 4051 1170 4101 vet.
1189 4045 1300 4117 pustin.
1338 4064 1371 4101 en

75 4164 115 4201 em
136 4165 150 4200 e
173 4153 205 4201 ut
228 4153 330 4201 tamen
353 4153 444 4202 tame.
483 4144 560 4200 karu
583 4154 615 4202 ut
634 4161 704 4202 caro
722 4144 831 4218 carnis,
856 4144 987 4203 fortasse
1007 4153 1041 4201 ut
1064 4162 1171 4201 oscum
1185 4144 1371 4225 fruklalr'uſs

174 4246 300 4321 simplex
325 4253 372 4302 est
395 4245 424 4301 in
441 4253 519 4318 pone
540 4263 645 4321 posca,
682 4247 793 4320 duplex
817 4247 846 4302 in
862 4255 937 4320 pone
952 4255 1048 4320 ponne
1072 4248 1217 4320 quomde.
1264 4249 1294 4304 in
1319 4268 1372 4305 an·

67 4358 155 4422 penes
176 4348 258 4423 prior
279 4347 361 4403 vices
384 4345 458 4401 lacit
481 4362 550 4401 cum
573 4365 598 4401 m
622 4355 675 4403 aut
695 4346 857 4414 omittitur,
884 4348 1038 4422 posterior
1069 4347 1112 4402 nd
1134 4347 1250 4405 litteras
1274 4351 1372 4406 conti·

73 4467 150 4506 nens
173 4448 361 4522 geminanda
383 4454 431 4502 est
448 4446 664 4521 pronuntianti.

168 4549 311 4624 peracm'o
329 4547 449 4620 pihaclo
472 4546 517 4602 VI
532 4546 559 4602 A
572 4549 622 4614 54,
655 4549 858 4622 exspectabas
881 4566 919 4604 ex
942 4549 1201 4623 praecedentibus
1215 4552 1373 4624 peracrio:

74 4653 132 4708 etsi
154 4651 305 4707 interdum
329 4669 347 4704 r
367 4668 406 4705 ex
429 4668 447 4704 n
470 4650 644 4724 prolapsam
659 4666 729 4704 esse
742 4651 806 4707 scio
828 4646 1018 4730 (pancarpus
1036 4659 1204 4727 percorpus
1225 4667 1317 4723 gram.
1330 4651 1377 4710 lV

270 4749 274 4760 “
1177 4745 1229 4797 12*
