3742 5364
234 353 350 416 Vnus
674 438 677 443 .
862 351 903 411 58

232 539 363 599 virseto
380 534 534 597 avirseto
550 555 613 596 vas
630 543 693 606 est,
717 532 751 594 di
769 530 856 594 Gra·
908 536 1038 592 invisum
1082 535 1186 592 vitium
1230 545 1295 605 est,
1341 536 1411 592 dive
1455 535 1538 594 Gra-

232 638 346 709 bovis,
378 636 494 717 persei
515 635 651 706 mersei‚
687 654 748 696 esu
773 630 857 713 buel
908 637 988 705 bovi,
1023 637 1173 711 quidquid
1207 639 1253 694 ius
1277 638 1325 706 sit,
1359 637 1419 694 hoc
1440 629 1540 713 bovel

233 739 391 820 peracrei
402 737 542 818 pihaclu
556 735 696 817 pihafei.
720 735 754 796 di
770 733 857 796 Gra·
910 739 1012 813 opimo
1035 739 1157 813 piaculo
1188 741 1314 814 piand0.
1360 741 1430 797 dive
1456 739 1539 797 Gra·

232 839 345 917 bovie‚
369 838 490 919 pihatu
513 836 712 909 ocreFisei,
734 835 857 916 pihatu
908 840 988 908 bovi,
1030 840 1115 915 piato
1150 859 1252 898 arcem
1288 841 1411 910 'Fisiam
1447 841 1537 915 piato

233 951 309 1003 tota
323 939 452 1002 Iovina.
492 939 525 1000 di
537 936 722 1010 Grabovie,
736 936 857 1017 pihatu
909 941 1014 997 urbem
1023 941 1191 1016 iguviuam.
1213 943 1282 999 dive
1293 943 1438 1011 Grabovi,
1448 928 1538 1017 piato

234 1061 334 1106 ocrer
365 1042 374 1114 i
403 1040 534 1114 Fisier‚
579 1049 672 1102 totar
715 1037 985 1100 Iovinareoarcis
1010 1039 1020 1112 l
1042 1043 1153 1111 usiae,
1186 1044 1268 1100 urbis
1297 1039 1444 1118 Iguvinae
1477 1062 1538 1100 no·

232 1164 343 1222 nome,
355 1140 441 1214 nerf,
466 1162 591 1214 arsm0‚
606 1139 712 1214 veir0,
730 1159 856 1223 pequ0‚
907 1162 988 1212 men,
1000 1145 1205 1218 magistratus
1215 1146 1299 1214 ritus,
1309 1145 1398 1215 viros,
1409 1163 1536 1220 pecora,

334 1353 373 1410 28
399 1350 500 1423 persei
521 1348 625 1404 merset¹
643 1347 689 1403 vel
710 1347 792 1419 pu'rsz'
809 1347 906 1411 mersi,
936 1347 1038 1403 coiere
1061 1347 1142 1402 euim
1172 1365 1226 1421 per
1249 1347 1374 1404 enclisin
1405 1366 1481 1404 mers
1503 1357 1538 1405 et

232 1455 261 1510 si
280 1453 312 1508 id
335 1461 383 1508 est
404 1451 450 1508 sel.
495 1451 525 1505 in
548 1448 634 1505 Tefri
657 1447 836 1522 precatione
858 1447 1040 1504 indicativus
1057 1448 1167 1522 legitur
1184 1458 1269 1521 perse
1285 1467 1358 1504 mers
1370 1454 1418 1518 est,
1442 1449 1536 1523 isque

233 1553 374 1628 congruit
398 1569 465 1608 cum
482 1549 618 1605 formulis
637 1548 815 1605 Catonianis
833 1551 973 1623 cap.132
1000 1549 1131 1621 Iuppiter
1154 1550 1278 1622 dapalis,
1301 1551 1380 1623 qued
1398 1548 1543 1623 tt'bifierz'

234 1660 349 1729 oportet,
374 1655 404 1709 in
429 1653 509 1708 dome
524 1650 653 1727 faenilia
674 1669 734 1706 mee
757 1651 904 1724 culz‘gemm
928 1650 996 1706 veui
1016 1650 1095 1722 dapi,
1130 1652 1188 1705 eires
1210 1652 1256 1707 rei
1274 1670 1345 1725 ergo
1368 1657 1456 1706 macte
1477 1656 1537 1706 esto

233 1765 264 1814 et
290 1758 347 1815 139
372 1756 419 1810 uti
435 1752 492 1809 libi
510 1753 555 1807 ius
572 1757 612 1806 est
625 1761 714 1824 porco
733 1750 851 1824 placule
864 1749 972 1828 facere
1056 1751 1102 1806 reti
1125 1752 1159 1806 z'd
1169 1757 1243 1807 recle
1256 1750 1374 1828 fectum
1389 1753 1448 1819 trel,
1473 1753 1539 1808 eius

233 1859 280 1914 rei
297 1876 367 1932 ergo
389 1861 414 1911 le
436 1855 485 1911 hec
500 1862 590 1926 porco
605 1853 729 1925 pz'acule
753 1853 926 1907 tirtenoloudo
949 1869 1015 1925 eqs
1046 1853 1075 1906 in
1100 1851 1248 1908 Gellianis
1272 1852 1286 1907 Ι
1310 1855 1417 1920 1214
1447 1852 1536 1927 virgo

233 1977 307 2032 quae
328 1976 415 2013 socru
428 1952 533 2031 saciat
553 1972 626 2027 quae
647 1954 692 2008 ius
711 1954 763 2008 sz'el
781 1954 951 2009 sacerdotem
976 1953 1109 2009 Vestalem
1124 1951 1231 2029 fecere
1247 1961 1305 2026 pre
1321 1961 1355 2027 p.
1371 1953 1410 2013 R.
1426 1953 1459 2023 Q.
1485 1954 1538 2011 hic

233 2061 341 2116 iustam
364 2067 397 2114 ut
420 2058 496 2113 deus
520 2055 651 2127 accipiat
670 2052 913 2109 satisfactionem
929 2061 1048 2127 optant,
1072 2054 1130 2109 illic
1146 2055 1257 2110 iustam
1273 2073 1344 2111 esse
1360 2055 1536 2114 adfirmant.

233 2161 371 2217 nimirum
401 2158 492 2214 etiam
516 2155 609 2211 Tefro
638 2155 709 2209 dum
738 2171 811 2209 oves
843 2155 1017 2222 immolant,
1053 2155 1129 2210 haec
1152 2156 1244 2212 verba
1271 2156 1437 2213 recitarunt
1460 2159 1543 2229 quod

233 2263 279 2317 ius
298 2261 353 2316 siet
373 2253 411 2336 (Β
430 2250 495 2336 23),
533 2259 739 2315 succidaneac
772 2265 874 2314 autem
907 2258 1027 2314 hostiae
1063 2267 1180 2315 tantum
1210 2259 1352 2316 adferunt
1376 2259 1537 2316 confiden-

232 2363 294 2417 tiae
317 2369 351 2417 ut
374 2358 559 2416 substituant
582 2359 664 2431 quod
683 2359 729 2412 ius
751 2365 792 2425 est
811 2356 848 2432 (B
863 2354 926 2433 31).

334 2463 374 2520 30
397 2458 473 2536 neus.
498 2460 527 2515 in
550 2461 618 2533 lege
642 2477 716 2516 osca
740 2459 869 2516 Bantiae
897 2461 990 2533 siquis
1014 2479 1115 2516 nerum
1146 2463 1175 2516 in
1198 2479 1322 2517 numero
1346 2462 1394 2530 sit,
1422 2469 1536 2536 postea

232 2563 368 2618 tribunus
402 2560 441 2634 pl.
464 2562 528 2617 fieri
551 2569 678 2628 vetatur,
713 2560 839 2635 Capuae
872 2563 903 2618 in
938 2563 1136 2619 dedicatione
1174 2562 1338 2637 sigillorum
1370 2558 1540 2640 (Zvetaieff

232 2663 320 2721 inser.
344 2679 407 2719 osc.
430 2656 526 2738 n.34)
564 2661 675 2718 Minius
700 2661 867 2718 Caesellius
899 2663 998 2718 Minas
1034 2664 1127 2719 tribus
1150 2663 1196 2718 his
1220 2663 1394 2719 nominibus
1416 2664 1536 2720 adscri-

232 2763 366 2818 bendum
393 2762 507 2817 curavit
530 2781 602 2828 uer„
626 2772 659 2817 ut
681 2762 877 2818 manifestum
900 2772 957 2830 est,
981 2765 1026 2819 sui
1050 2773 1080 2821 et
1103 2765 1184 2822 lovis
1206 2765 1329 2821 honoris
1353 2783 1455 2824 causa.
1501 2766 1535 2823 in

232 2863 377 2938 Hesychii
400 2864 497 2919 lexico
521 2864 594 2919 satis
618 2864 731 2919 multae
755 2872 860 2920 extant
885 2864 1074 2922 Graecorum
1097 2866 1231 2922 initalia
1253 2865 1456 2923 habitantium
1479 2873 1536 2921 aut

232 2964 377 3021 Italorum
398 2966 654 3040 semigraecorum
669 2966 799 3038 glossae.
822 2962 1010 3040 πολλαχρόν
1023 2980 1028 2991 ·
1042 2964 1142 3027 καλόν
1165 2969 1215 3041 qui
1232 2968 1322 3041 leget,
1340 2985 1403 3023 non
1422 2984 1535 3039 agnos-

232 3076 282 3122 cet
304 3068 439 3141 polorum
462 3061 638 3140 pulchrum?
675 3061 852 3140 Ἐριὲντης·
887 3062 1082 3143 Ἀφροδίτης
1115 3064 1298 3142 ἐπώνυμονῖ
1332 3085 1395 3124 non
1422 3067 1535 3124 beriam

230 3167 412 3224 Vmbrorum
435 3175 466 3223 et
489 3165 640 3224 Oscorum
665 3169 799 3232 verbum,
828 3186 891 3225 non
914 3170 975 3224 dea
997 3169 1202 3227 Oscorumet
1226 3170 1440 3243 Paelignorum
1471 3168 1533 3225 He-

231 3275 330 3325 rcules
342 3269 373 3324 in
386 3276 523 3324 mentem
539 3263 640 3323 venit?
662 3263 759 3342 νάρα’
778 3265 920 3343 συνίημι;
937 3279 1101 3327 occurrunt
1117 3271 1271 3345 extemplo
1288 3288 1379 3326 narus
1394 3270 1535 3344 gnaruris

230 3370 391 3442 gnaritum.
436 3367 577 3426 Nerz'nem
601 3368 704 3425 Sabini
727 3369 937 3427 fortitudinem
971 3371 1126 3440 dicebaut,
1160 3371 1253 3428 Nerio
1278 3371 1325 3427 vel
1358 3369 1451 3426 Neria
1485 3370 1535 3426 vel

231 3470 380 3527 Nerienes
405 3470 510 3527 Martis
534 3487 611 3525 uxor
631 3477 695 3526 erat
717 3471 846 3537 Romae,
880 3472 985 3545 itaque
1021 3490 1095 3548 curn
1123 3471 1269 3546 Hesychii
1305 3473 1404 3529 codex
1428 3466 1533 3546 νὰρης

230 3565 248 3643 ἡ
272 3567 332 3646 ἥβη
357 3571 511 3638 exhibeat,
536 3571 734 3627 litterularum
757 3580 861 3628 autem
887 3572 981 3628 series
993 3588 1079 3646 ναρι-
1102 3573 1247 3647 postulet,
1273 3573 1446 3646 suspicatus
1462 3589 1533 3628 sum

231 3669 374 3727 Italorum
392 3671 481 3726 deam
504 3671 593 3727 istam
617 3671 677 3728 dici
701 3674 834 3729 eandem
857 3690 949 3746 quam
970 3668 1072 3748 Ἥβην
1090 3673 1201 3730 Graeci
1224 3674 1370 3734 vocarint.
1401 3673 1483 3746 quod
1508 3673 1534 3729 si

231 3788 248 3825 a
271 3771 333 3827 fide
355 3789 418 3827 non
440 3771 595 3836 abhorret,
618 3773 816 3830 meliuscum
838 3793 927 3829 uerus
950 3792 1040 3847 quam
1069 3792 1138 3830 cum
1166 3774 1295 3848 νεαροῖς
1330 3776 1422 3832 etiam
1451 3773 1533 3832 hanc

229 3872 364 3954 glossam
388 3874 645 3946 comparabImus:
669 3871 896 3948 ναρούς·τσὺς
920 3870 1077 3949 φύλακας.
1100 3875 1216 3931 ibidem
1236 3872 1374 3949 νηρῖται·
1398 3870 1533 3950 μεγάλοι

230 3980 261 4029 et
283 3967 387 4045 νίρον·
405 3968 494 4045 μέγα.
519 3975 575 4030 sed
598 3974 676 4031 haec
699 3983 767 4032 utut
788 3984 867 4043 sunt,
890 3975 963 4032 illud
987 3975 1082 4049 liquet
1104 3972 1181 4050 ners
1190 3994 1258 4032 cum
1275 3976 1415 4034 homines
1437 3976 1533 4034 luisse

230 4082 294 4130 tum
316 4073 494 4130 illustriores
531 4093 645 4148 genere
679 4085 732 4133 aut
766 4078 873 4132 ordine
906 4077 984 4133 viros
1020 4079 1124 4152 quales
1157 4079 1189 4133 in
1211 4078 1313 4152 primis
1336 4079 1533 4153 magistratus

230 4183 321 4247 atque
353 4175 479 4249 imperia
513 4177 709 4249 capessendo
732 4177 826 4250 ipsius
850 4194 1014 4252 personam
1038 4179 1167 4235 civitatis
1190 4195 1297 4251 gerere
1321 4178 1450 4237 soleant.
1485 4197 1532 4236 ar·

229 4282 303 4348 gute
325 4273 471 4331 Horatius
508 4277 550 4330 ad
583 4292 696 4332 nomen
730 4278 857 4333 adtexto
890 4279 1057 4354 veriloquio
1082 4297 1173 4337 carm.
1202 4277 1247 4334 IV
1269 4281 1298 4346 4,
1314 4280 1353 4336 28
1382 4277 1533 4340 ltserones:

219 4373 320 4450 ferles
342 4381 482 4431 creantur
494 4374 632 4452 forlu'bus
654 4382 682 4432 et
702 4375 794 4436 bonus.

329 4478 406 4533 ueire
423 4485 529 4549 queque.
575 4479 618 4534 sic
641 4479 672 4534 in
695 4478 842 4538 Parilibus
866 4480 996 4540 Ovidius
1029 4483 1157 4550 consule,
1191 4482 1266 4549 dea,
1292 4482 1398 4555 pecori
1411 4482 1534 4555 pere'ter

224 4578 394 4651 pecorisque
426 4581 576 4654 magestras
612 4590 644 4638 et
672 4584 793 4641 valeant
812 4584 995 4658 hominesque
1013 4605 1182 4661 gregesque.
1227 4585 1411 4660 produxisse
1435 4585 1532 4644 etiam

230 4675 357 4735 Latinos
382 4682 538 4754 quondam
572 4682 602 4737 in
635 4683 696 4739 uz'ro
728 4686 861 4759 priorem
884 4687 1003 4761 cogitur
1025 4699 1064 4744 ex
1096 4687 1197 4761 elogio
1228 4687 1377 4761 Scipionis
1412 4688 1534 4746 dvenere
