3742 5364
687 359 747 416 157
1288 352 1378 410 11120

74 537 240 600 anstintu.
278 537 405 600 inenek
427 536 602 599 vukumen
625 557 700 598 esu·
753 540 941 613 distinguito.
987 539 1062 594 inde
1095 540 1125 595 in
1159 539 1271 596 aedem
1303 538 1378 595 divi·

73 658 203 700 numen
226 648 294 702 etu.
327 658 373 720 ap
392 636 396 720 l
417 637 512 700 vuku
533 636 702 716 kukehe5‚
716 661 740 700 rr
756 659 828 698 nam
860 642 913 700 ito.
960 633 1036 717 ubil
1058 641 1170 698 aedem
1200 640 1378 708 succendet,

74 739 149 821 iepi
177 739 403 821 persklumad
434 738 566 802 kaditu.
608 737 701 800 vuke
752 742 874 799 interibi
895 743 937 798 ad
971 741 1228 816 supplicationem
1256 748 1377 798 vocato

76 944 212 1003 narratio
235 944 323 1004 solet.
367 944 428 1002 hoc
450 943 552 1001 cuncti
574 943 750 1018 probarunt,
776 959 836 1016 ego
858 941 999 1017 repudio,
1042 951 1127 1001 certe
1152 944 1276 1019 quidem
1299 961 1380 1000 nova

75 1045 150 1104 hinc
170 1046 276 1120 incipit
298 1063 412 1103 scaena
435 1044 557 1102 fabulae
579 1061 681 1119 neque
697 1043 727 1099 in
744 1043 873 1100 transitu
890 1060 952 1100 non
975 1045 1067 1102 datur
1088 1063 1188 1103 novae
1210 1043 1379 1120 particulae

76 1149 175 1206 locus.
221 1155 286 1204 tum
308 1147 380 1222 quia
401 1163 465 1203 non
487 1145 587 1202 solum
609 1163 687 1201 enom
710 1145 767 1201 sed
790 1144 885 1202 etiam
907 1163 984 1202 enem
1007 1153 1119 1215 exstat,
1142 1164 1181 1203 ex
1205 1145 1312 1204 litteris
1334 1145 1378 1202 in·

75 1249 199 1322 scriptis
221 1249 284 1306 aeri
308 1248 382 1306 satis
407 1256 473 1305 erat
494 1255 632 1304 mutasse
655 1264 755 1304 unam.
800 1263 904 1303 verum
927 1247 1074 1321 quoniam
1097 1265 1241 1323 magnam
1266 1265 1379 1323 prono·

75 1350 235 1408 minalium
268 1349 390 1424 copiam
421 1349 528 1407 Vmbri
561 1349 735 1406 habuerunt
773 1365 873 1423 eaque
913 1348 1090 1424 frequenter
1126 1349 1381 1424 conduplicarunt

77 1450 243 1524 (sururont,
267 1448 443 1525 erererunt),
475 1452 613 1526 quisnam
636 1449 715 1507 ausit
736 1467 850 1522 negare
872 1449 903 1506 in
927 1467 965 1507 eo
980 1436 1117 1508 ¹numero
1140 1451 1233 1508 luisse
1258 1445 1379 1507 turned?

76 1552 181 1628 potuit
202 1553 250 1608 ine
271 1551 336 1609 sive
359 1571 409 1608 ene
430 1552 493 1608 fieri
521 1570 560 1608 ex
589 1553 656 1607 inde
683 1551 727 1608 sic
753 1559 786 1608 ut
811 1561 888 1624 pune
916 1538 971 1625 pro
993 1560 1093 1624 ponne
1121 1552 1253 1625 quamde,
1282 1550 1380 1624 potuit

75 1654 168 1729 igitur
185 1653 228 1710 vis
251 1653 418 1728 particulae
441 1652 518 1710 haec
541 1670 609 1710 esse
633 1670 724 1708 exeo
749 1653 821 1719 loco,
844 1651 916 1708 nihil
939 1669 1008 1709 esse
1032 1654 1112 1710 duco
1139 1652 1339 1712 commodius.

179 1755 320 1812 uukumen
344 1773 509 1811 esunumen.
553 1753 691 1828 ambigas
713 1762 811 1810 utrum
833 1753 863 1835 in
887 1752 1043 1809 delubrum
1067 1753 1194 1810 diuorum
1218 1771 1257 1811 an
1280 1753 1312 1809 in
1335 1753 1381 1809 de-

78 1856 198 1912 labrum
222 1858 265 1912 ad
283 1868 346 1912 rem·
368 1856 497 1912 dr'vr'rtam
521 1855 714 1930 interpretari
737 1863 889 1929 oporteat.
936 1854 980 1912 sic
1013 1872 1087 1911 vero
1117 1857 1279 1911 esunumad
1302 1852 1382 1910 desi·

77 1959 156 2014 dero
180 1949 574 2033 (11A33sp2namauetu)
598 1963 652 2013 aut
675 1955 748 2012 ‘rime
769 1973 896 2023 crunam,
919 1973 979 2013 nec
1001 1956 1068 2012 sine
1083 1954 1231 2028 exemplis
1255 1963 1303 2010 est
1327 1970 1382 2026 ge·

78 2060 162 2116 mina
184 2057 372 2134 praepositio
407 2054 469 2131 (lB
491 2058 527 2114 14
557 2056 686 2135 uapefem
710 2054 866 2134 aurckluse,
902 2057 933 2113 in
956 2056 1093 2114 Homero
1115 2050 1193 2115 ὅνδε
1216 2046 1380 2130 δόμονδε).

80 2177 143 2234 qua
165 2177 202 2215 ex
226 2166 380 2215 structura
402 2159 562 2214 verborum
587 2157 647 2215 hoc
676 2157 866 2215 addiscimus
885 2156 986 2236 uukus
1013 2165 1076 2215 tam
1110 2155 1257 2232 profanos
1289 2172 1382 2229 quam

80 2278 185 2318 sacros
208 2260 311 2328 fuisse,
334 2277 397 2316 non
419 2260 524 2334 templi
546 2259 609 2316 fani
632 2259 747 2316 delubri
770 2259 826 2317 scd
843 2259 929 2316 aedis
945 2266 999 2315 aut
1024 2258 1091 2316 atrii
1106 2256 1229 2325 similes,
1251 2256 1380 2332 proinde

79 2379 119 2419 ac
142 2361 325 2437 percipimus
353 2378 465 2435 graeca
497 2356 542 2434 εἰς
566 2356 668 2434 σηκὸν
690 2357 748 2421 τὸν
768 2355 865 2434 ἱερόν,
899 2360 930 2416 in
953 2357 1031 2417 Chio
1055 2359 1191 2434 quodam
1214 2357 1300 2415 titulo
1322 2353 1381 2418 τὸν

77 2458 169 2536 ἱερὸν
191 2457 282 2523 οἶκον
304 2463 482 2537 oppositum
503 2461 575 2536 ταῖς
601 2456 774 2534 ἰδιωτικαῖς
796 2454 919 2534 οἰκίαις.

184 2566 221 2621 21
245 2563 366 2619 kukelres
386 2580 520 2637 persona
542 2563 641 2639 tertia,
667 2562 704 2619 cf.
728 2561 771 2618 IV
787 2563 825 2620 31
840 2559 958 2639 sakust.
1007 2561 1088 2635 prior
1110 2579 1178 2635 pars
1203 2561 1268 2617 kum
1294 2578 1381 2635 prae·

80 2665 207 2739 positiir,
231 2663 380 2739 posterior
402 2663 434 2718 id
457 2663 580 2719 verbum
597 2681 615 2720 a
631 2680 690 2736 quo
713 2662 904 2737 participiale
928 2662 1106 2720 factumest
1128 2659 1214 2734 celrefi
1234 2660 1278 2718 VI
1291 2661 1318 2717 A
1331 2664 1381 2729 20,

81 2746 360 2840 quod'contortius
383 2771 540 2838 tamquam
560 2761 612 2836 cefi
642 2781 680 2819 ex
710 2763 804 2819 cendt·
828 2782 906 2820 cens·
926 2764 1126 2838 repetieram,
1154 2780 1223 2820 cum
1244 2771 1277 2819 ut
1298 2761 1385 2836 herzfi

80 2868 122 2922 ab
144 2866 220 2923 deri·
243 2867 286 2923 sic
308 2867 384 2923 illud
406 2885 424 2923 a
446 2866 522 2922 celre-
546 2867 585 2922 sit
606 2875 819 2940 propagatum.
874 2867 963 2939 stirps
990 2873 1074 2923 recte
1105 2866 1217 2921 eadem
1247 2865 1381 2922 creditur

80 2985 122 3023 ex
145 2984 204 3040 qua
226 2961 294 3025 κάω
315 2962 451 3041 κήαντες
469 2963 601 3040 κέαντες
624 2967 853 3036 descenderint,
875 2967 995 3023 adrem
1017 2984 1081 3023 non
1105 2967 1232 3023 multum
1253 2967 1382 3023 interest

81 3074 183 3124 utrum
205 3061 293 3126 κάων
315 3067 429 3125 reddas
451 3087 490 3126 an
511 3069 695 3126 ritcendendo.
737 3068 787 3125 hic
812 3067 975 3126 conlocare
1009 3066 1041 3122 in
1068 3066 1149 3123 aede
1178 3067 1281 3140 ignem
1303 3066 1382 3122 inter

81 3170 147 3225 vias
170 3168 336 3226 excitatum
358 3184 458 3242 eaque
481 3169 626 3243 congerie
648 3167 750 3226 fovere
773 3169 918 3244 magister
951 3167 1072 3224 iubetur
1092 3183 1159 3240 qua·
1174 3166 1381 3224 exardescens

81 3270 205 3327 flamma
226 3287 281 3344 per
295 3270 362 3326 loca
378 3286 463 3327 sacra
482 3270 643 3328 colluceat.
665 3270 801 3327 similiter
816 3270 918 3327 Latini
940 3267 1072 3327 accendi
1095 3265 1218 3324 incendi
1234 3266 1381 3323 succendi

82 3372 192 3428 dicunt
212 3388 280 3427 aras
303 3388 382 3445 quae
404 3369 524 3427 iniectis
546 3371 667 3444 ignibus
690 3370 900 3437 concalefiant.

185 3472 245 3545 tupi
263 3488 319 3546 pro
343 3479 427 3529 certo
448 3469 549 3528 habeo
572 3469 742 3529 derivatum
766 3489 835 3529 esse
856 3472 896 3528 ab
920 3472 944 3526 i·
962 3469 1147 3544 pronomine
1170 3476 1204 3524 ut
1224 3467 1318 3540 zipru,
1341 3467 1382 3523 de

83 3571 254 3646 significatu
279 3572 403 3646 pendeo
426 3571 526 3630 animi.
571 3573 656 3646 quod
672 3572 789 3630 Latinis
805 3571 857 3640 ibi,
879 3572 913 3627 id
928 3569 1018 3628 Oscis
1037 3572 1076 3643 ip,
1098 3567 1251 3642 Paelignis
1267 3568 1297 3641 ip
1316 3574 1383 3623 erat

83 3668 138 3747 (cf.
160 3673 256 3729 musei
278 3672 362 3730 rhen.
375 3673 434 3732 vol.
451 3672 584 3730 XXXIII
608 3690 636 3746 p.
650 3670 735 3746 289).
761 3673 865 3729 Vmbri
888 3672 973 3748 quod
996 3678 1158 3728 servarunt
1180 3668 1231 3746 ise,
1254 3670 1383 3743 plerum·

83 3790 146 3848 que
169 3773 266 3830 verbis
286 3783 403 3832 motum
425 3774 632 3831 indicantibus
658 3773 828 3848 adplicatur
849 3782 882 3830 ut
905 3771 947 3851 tfe
969 3769 1075 3847 ferta,
1099 3787 1139 3828 eo
1162 3770 1250 3839 ferto,
1287 3770 1381 3827 rarius

83 3891 157 3931 cum
178 3875 272 3932 latino
300 3876 445 3933 adverbio
469 3876 609 3950 congruit
633 3883 666 3932 ut
688 3874 764 3952 rsont
782 3875 901 3942 stahtiu,
921 3874 1036 3931 ibidem
1058 3880 1149 3932 stato,
1196 3889 1382 3949 quamquam

82 3974 187 4032 Latini
208 3993 330 4051 quoque
346 3977 494 4051 Apuleius
510 3984 542 4033 et
558 3977 706 4052 deinceps
729 3977 814 4034 multi
837 3976 930 4033 eundi
946 3975 1046 4032 verbis
1061 3991 1160 4049 aeque
1176 3992 1214 4032 ac
1235 3973 1382 4031 manendi

85 4074 131 4132 ibi
147 4078 325 4136 adverbium
347 4079 535 4152 coniungunt
559 4077 736 4153 faciuntque
767 4078 984 4136 soloecismum
1015 4076 1216 4151 vituperatum
1240 4094 1258 4132 a
1282 4093 1383 4149 gram-

85 4181 205 4237 maticis
228 4180 270 4255 (V
295 4200 324 4256 p.
344 4176 545 4255 247‚22K.).
590 4181 726 4238 alterane
760 4180 816 4237 suit
848 4180 907 4237 ista
933 4179 1052 4238 Vmbris
1081 4179 1179 4237 forma
1202 4186 1316 4236 statum
1346 4195 1384 4236 ac

90 4281 281 4338 mansionem
309 4283 480 4357 expressius
511 4290 543 4339 et
565 4282 736 4339 distinctius
760 4277 953 4355 significans?
987 4288 1020 4337 at
1054 4281 1094 4337 ie·
1115 4275 1219 4338 unde?
1252 4279 1383 4337 accessit

86 4381 170 4438 casui
192 4383 376 4457 postpositio
401 4390 435 4439 ut
456 4389 581 4457 lumper,
614 4384 738 4456 lrr'z'uper
762 4400 860 4457 eaque
883 4382 1022 4440 mutilata
1044 4391 1092 4439 est
1113 4392 1145 4438 et
1170 4380 1316 4448 infracta,
1351 4388 1385 4438 ut

84 4489 182 4559 tutape
206 4484 344 4542 iecerunt
369 4485 496 4542 etherii
513 4504 577 4542 non
599 4485 697 4544 minus
721 4502 812 4560 quam
833 4485 911 4541 herle
932 4503 970 4542 ex
991 4485 1096 4544 hertcr.
1141 4482 1278 4540 similiter
1300 4498 1383 4538 com·

85 4586 222 4663 positum
243 4604 280 4644 ac
301 4587 352 4646 lat.
377 4594 465 4662 toper
487 4571 612 4655 idcirco,
635 4588 694 4660 r'epi
712 4586 813 4661 potuit
834 4586 1004 4661 significare
1024 4585 1057 4642 id
1078 4584 1235 4660 temporis,
1255 4583 1385 4660 interea,

84 4683 167 4763 πρὸς
189 4686 291 4747 ταῦτα
313 4696 367 4747 aut
388 4689 490 4763 potius
513 4683 593 4764 ὑπὲρ
613 4683 748 4764 τούτων,
769 4695 942 4762 propterea.
991 4695 1058 4745 utut
1080 4705 1118 4745 ea
1141 4702 1200 4743 vox
1223 4703 1258 4747 se
1280 4683 1385 4751 babet,
