3742 5364
709 360 747 416 93
1167 357 1276 417 V1a51
1296 359 1330 414 Ia
1340 359 1378 416 14

76 541 140 604 clu.
166 538 261 623 neipl
280 541 445 614 amboltu,
470 559 580 620 prepa
592 538 1023 620 desvamnevelambulatq
1051 544 1228 618 priusquam
1250 560 1377 618 prospe·
1411 587 1416 596 .

77 634 301 704 combifiansi.
335 662 402 721 ape
429 642 537 703 desva
570 641 699 703 combi-
751 644 1026 702 rammandaveritu
1040 646 1090 701 ubi
1102 661 1281 719 prosperam
1291 661 1381 699 man--

75 740 243 815 fiansiust,
276 742 334 804 via
369 741 503 804 aviecla
535 762 700 804 esonome
752 746 879 814 daverit,
911 746 959 800 via
987 745 1124 818 augurali
1155 744 1185 800 in
1215 762 1280 802 rem
1301 743 1377 799 divi·

77 852 174 905 etuto
197 863 273 906 com
295 844 449 924 peracris
474 844 590 906 sacris
633 862 700 922 ape
751 864 822 903 nam
845 855 938 903 eunto
963 864 1031 903 cum
1054 846 1163 920 opimis
1186 846 1289 903 sacris.
1326 845 1377 900 ubi

78 1070 141 1109 non
164 1051 299 1108 ambulat
321 1054 404 1127 prius
428 1071 519 1127 quam
542 1071 638 1128 augur
653 1061 776 1127 captata
793 1071 862 1109 esse
878 1053 934 1126 ipsi
958 1051 1167 1125 pronuntiarit,
1196 1051 1280 1105 desua
1304 1066 1376 1104 com·

77 1135 206 1224 br'fianri.
249 1171 319 1209 nam
342 1162 474 1210 mutatur
497 1140 666 1210 subiectum
690 1172 746 1209 nec
770 1162 872 1209 tamen
889 1153 1080 1224 significatur,
1105 1151 1175 1225 quia
1195 1158 1261 1205 uter
1276 1158 1375 1205 utrum

77 1253 240 1309 conveniat
262 1255 354 1311 verba
377 1253 520 1320 facturus,
544 1272 591 1311 res
607 1257 672 1328 ipsa
689 1255 794 1320 docet,
817 1253 886 1308 vide
903 1270 994 1326 supra
1010 1271 1040 1326 p.
1057 1253 1096 1311 86
1111 1269 1134 1308 S.
1160 1251 1375 1324 auguraculum

78 1352 142 1408 noli
164 1355 304 1410 dubitare
327 1355 399 1427 quin
423 1356 592 1412 adiacuerit
613 1357 659 1411 vie
681 1356 800 1421 om'ecle,
824 1354 889 1410 viae
911 1353 1045 1426 augurali
1069 1353 1115 1408 vel
1138 1368 1244 1408 sacrae
1261 1344 1373 1427 (Varro

77 1452 96 1507 l.
119 1452 137 1510 l.
154 1452 182 1507 V
197 1447 261 1530 47).
305 1456 337 1512 in
360 1457 467 1512 castris
487 1456 620 1512 romanis
643 1456 787 1528 augurale
811 1455 874 1511 sive
898 1455 1123 1527 auguratorium
1155 1461 1241 1527 parte
1265 1454 1373 1508 dextra

76 1556 221 1625 praetorii
244 1557 285 1611 ad
307 1557 387 1612 viam
410 1557 608 1630 principalem
631 1557 854 1629 adponebatur,
879 1565 912 1611 ut
928 1557 990 1611 dux
1011 1557 1041 1610 in
1057 1573 1095 1611 eo
1112 1554 1269 1628 augurium
1292 1561 1375 1609 recte

76 1672 187 1729 capere
209 1667 325 1731 posset,
361 1666 448 1731 parte
472 1657 559 1712 laeva
582 1657 711 1712 tribunal
736 1657 929 1712 statuebatur
954 1665 986 1712 ut
1016 1655 1142 1730 augurio
1166 1661 1297 1727 accepto
1320 1654 1375 1708 ad-

79 1757 245 1813 scenderet
266 1767 297 1814 et
319 1758 487 1814 exercitum
510 1758 587 1814 felici
619 1757 755 1831 auspicio
785 1757 1002 1830 adloqueretur
1034 1754 1187 1830 (Hyginus
1220 1756 1260 1810 de
1295 1773 1375 1813 mun.

80 1866 171 1916 castr.
195 1855 257 1932 11).
302 1868 374 1916 ante
398 1860 543 1933 augurale
567 1868 682 1916 structa
706 1868 770 1915 erat
794 1875 846 1915 ara
869 1852 1008 1936 (Tacitus
1033 1875 1104 1914 ann.
1128 1856 1186 1913 XV
1199 1851 1263 1930 30),
1297 1857 1376 1912 inter

78 1961 308 2015 aromatarium
332 1969 362 2016 et
383 1960 478 2038 aupes
493 1959 629 2038 avt'ecluf
655 1961 736 2016 ducit
767 1959 892 2015 limitem
925 1976 985 2032 quo
1009 1959 1156 2032 templum
1180 1975 1321 2032 superum
1344 1964 1375 2012 et

79 2061 210 2117 interum
232 2038 437 2118 constituatur
459 2079 555 2136 augur
577 2061 719 2135 Iguvinus
743 2060 787 2119 VI
803 2062 829 2116 A
846 2063 873 2118 9.
947 2069 949 2072 ⁴

177 2163 217 2220 52
241 2161 377 2219 ambollu.
402 2163 546 2237 quoniam
568 2170 669 2218 motus
686 2162 784 2218 itusve
801 2160 981 2234 significatio
997 2159 1178 2234 postulatur,
1204 2176 1373 2234 congruere

75 2261 202 2317 verbum
224 2262 342 2318 videtur
363 2272 494 2336 excepta
519 2263 742 2336 coniugationis
766 2263 868 2335 specie
891 2279 961 2318 cum
984 2261 1078 2317 latino
1100 2260 1256 2320 ambulate.
1302 2278 1374 2316 nam

77 2364 163 2437 apud
184 2362 412 2438 antiquissimos
438 2363 592 2419 ambulare
623 2380 686 2418 non
708 2372 773 2418 erat
796 2363 827 2418 id
850 2363 935 2436 quod
957 2362 1138 2436 plerumque
1169 2363 1372 2437 intellegimus

76 2465 202 2538 spatiari
224 2465 338 2535 otiose,
372 2464 428 2520 sed
458 2481 553 2538 prope
575 2464 659 2519 idem
680 2465 765 2538 quod
797 2463 949 2537 proficisci
972 2471 1004 2518 et
1027 2463 1078 2520 ire.
1127 2465 1279 2519 contraria
1303 2475 1374 2522 sunt

78 2565 234 2622 ambulare
256 2573 293 2621 et·
307 2566 425 2630 sedere,
451 2564 644 2620 funambulus
667 2559 882 2638 σχοινοβάτης
905 2558 1097 2638 καλοβὰτης.
1138 2564 1207 2620 hinc
1229 2565 1259 2619 in
1275 2566 1374 2622 diver-

82 2667 140 2723 biis
163 2666 308 2723 Plautinis
333 2665 478 2722 formulae
501 2666 579 2721 istae
603 2666 684 2722 bene
706 2664 807 2720 valere
834 2665 1003 2720 iubentium
1034 2682 1088 2720 eos
1112 2665 1161 2738 qui
1188 2666 1245 2720 iter
1278 2669 1373 2722 susci·

75 2768 163 2842 piunt
196 2766 263 2822 bene
286 2766 432 2822 ambulate
467 2775 498 2822 et
531 2766 597 2823 bene
620 2766 737 2822 ambula
759 2772 785 2821 et
812 2765 983 2821 redumbula
1017 2766 1297 2840 sciscitantiumque
1332 2768 1372 2822 de

75 2868 176 2924 salute
199 2869 263 2924 eius
287 2869 337 2942 qui
360 2886 488 2943 peregre
511 2869 637 2924 advenit
656 2867 758 2923 benene
781 2866 1007 2923 ambulatumst?
1028 2885 1103 2940 quas
1120 2876 1288 2923 tractarunt
1303 2868 1373 2924 Aci-

75 2969 174 3026 dalius
197 2970 309 3044 aliique
333 2972 362 3025 iu
385 2971 571 3026 Truculento
593 2969 621 3025 Il
638 2972 720 3037 4,18
745 2968 879 3043 Captivis
900 2969 927 3024 Il
945 2971 973 3036 3.
989 2971 1028 3027 92
1051 2976 1082 3024 et
1105 2967 1147 3023 IV
1165 2970 1269 3030 2‚‘I2O
1304 2968 1371 3025 Mo·

75 3070 206 3127 stellaria
227 3071 272 3126 III
289 3073 399 3139 2166.

176 3180 263 3227 vetus
295 3189 347 3228 aes
382 3172 613 3237 akedunz'amem,
637 3173 719 3228 unde
744 3173 772 3227 ei
800 3174 869 3228 loco
898 3171 929 3226 in
957 3190 1017 3245 quo
1050 3171 1155 3228 civitas
1178 3170 1304 3244 Iguvina
1328 3169 1372 3224 lu-

76 3279 188 3328 stratur
209 3289 323 3328 nomen
346 3273 429 3329 idem
453 3291 520 3329 esse
546 3275 759 3347 cognoscimus
783 3274 866 3346 quod
889 3273 1005 3346 oppido
1021 3271 1216 3344 Hirpinorum
1239 3271 1270 3326 in
1285 3289 1371 3326 num·

75 3373 133 3429 mis
155 3374 235 3429 oscis
259 3382 306 3428 est
329 3373 537 3432 Akudunnz'ad.
584 3373 643 3430 hoc
663 3374 763 3431 Latini
789 3374 944 3448 appellant
968 3373 1176 3446 Aquiloniam,
1212 3372 1369 3428 drursum

74 3475 176 3531 media
199 3483 246 3531 est
268 3475 299 3530 in
322 3493 360 3531 eo
384 3477 506 3531 nomine
530 3477 614 3550 quod
639 3476 807 3532 etiamnum
831 3483 936 3530 manet
960 3474 1135 3548 Lacedogna
1159 3473 1202 3528 vel
1233 3471 1369 3548 Cedogna

74 3573 123 3649 (cf.
147 3575 331 3633 Mommseni
354 3577 474 3635 dialect.
497 3597 526 3652 p.
543 3580 602 3636 246
627 3578 809 3652 interpretes
841 3577 917 3632 Livii
939 3577 967 3632 X
991 3572 1053 3648 38).
1100 3575 1372 3650 septentrionalem

74 3676 233 3750 regionem
256 3676 436 3734 vocabulum
459 3680 610 3752 designat,
634 3678 830 3735 manifestum
853 3686 900 3734 est
924 3679 1069 3751 populum
1091 3696 1130 3732 eo
1158 3677 1279 3733 solitum
1303 3694 1372 3733 esse

75 3778 247 3837 convenire.
291 3780 332 3834 ad
355 3779 527 3851 aquilonem
547 3799 565 3835 a
589 3779 653 3835 foro
677 3779 819 3836 Romano
844 3797 972 3854 campus
995 3779 1122 3836 Martius
1144 3785 1175 3836 et
1192 3778 1371 3845 Tarentum,

73 3879 106 3933 in
128 3877 183 3934 illis
205 3879 343 3952 partibus
366 3880 397 3934 di
419 3881 510 3952 aquili
526 3881 555 3935 in
572 3879 709 3936 confiniis
732 3881 831 3937 noctis
848 3898 884 3936 ac
901 3880 984 3946 luciS,
1008 3875 1039 3938 ut
1066 3878 1122 3952 μὲν
1144 3876 1227 3954 πρὸς
1251 3876 1371 3954 βορέαο

74 3975 263 4051 καταιβαταὶ
286 3973 512 4054 ἀνθρώποισιν,
537 3999 573 4036 ex
596 3980 802 4056 Hyperboreis
827 3992 929 4038 autem
953 3982 1038 4037 divus
1064 3980 1197 4055 Agyieus
1220 3980 1367 4053 missique

72 4076 146 4133 olim
168 4079 198 4133 in
221 4078 334 4136 Delum
356 4083 483 4138 insulam
516 4099 586 4138 cum
621 4082 846 4156 Exsuperantia
884 4092 915 4138 et
944 4082 1138 4154 Populiscitia
1171 4082 1368 4137 Lustratores

74 4174 277 4253 (Περφερέες
300 4164 451 4237 Herodoti
475 4182 517 4237 lV
541 4182 604 4255 33),
639 4201 766 4257 quorum
789 4184 857 4240 illuc
881 4190 996 4256 negant
1024 4184 1141 4239 redisse
1176 4198 1369 4255 quemquam.

73 4298 113 4335 ex
134 4280 237 4338 1341
264 4304 303 4328 =
328 4281 478 4340 V11A52
514 4283 623 4339 collem
657 4284 749 4340 fuisse
784 4293 874 4358 putes
903 4285 1047 4340 deorsum
1071 4301 1189 4339 versum
1212 4291 1371 4357 patentem

72 4382 105 4437 in
128 4382 242 4449 lorum,
275 4383 351 4439 lines
375 4385 501 4457 pomerii
535 4385 706 4458 attingebat
737 4385 1019 4461 determinatosque
1054 4385 1301 4459 habebat'cippo
1325 4387 1372 4442 vel

73 4481 180 4555 cippis,
204 4483 393 4556 singulariter
415 4486 496 4540 enim
519 4492 655 4550 lermnom
678 4502 756 4541 nova
781 4487 895 4556 tabula,
924 4496 1010 4543 vetus
1033 4486 1188 4560 pluraliter
1210 4487 1372 4543 termnesku

73 4583 186 4640 scribit.
225 4602 316 4657 quam
339 4586 471 4660 amplum
492 4587 581 4643 luerit
595 4597 626 4643 et
643 4588 813 4661 spatiosum
829 4588 888 4646 hoc
904 4589 1070 4658 comitium,
1093 4605 1157 4645 non
1182 4590 1278 4648 solum
1299 4588 1374 4644 inde

73 4687 172 4743 elucet
195 4688 279 4762 quod
300 4687 472 4744 universum
496 4690 641 4763 populum
673 4688 816 4761 capiebat
840 4693 894 4748 sed
924 4692 1017 4747 etiam
1047 4709 1084 4748 ex
1113 4693 1205 4750 variis
1238 4690 1378 4746 locorum
