<?xml version="1.0" encoding="UTF-8"?>
<!DOCTYPE html PUBLIC "-//W3C//DTD XHTML 1.0 Transitional//EN"
    "http://www.w3.org/TR/xhtml1/DTD/xhtml1-transitional.dtd">
<html xmlns="http://www.w3.org/1999/xhtml" xml:lang="en" lang="en">
 <head>
  <title>
</title>
<meta http-equiv="Content-Type" content="text/html;charset=utf-8" />
  <meta name='ocr-system' content='tesseract 3.04.00' />
  <meta name='ocr-capabilities' content='ocr_page ocr_carea ocr_par ocr_line ocrx_word'/>
</head>
<body>
  <div class='ocr_page' id='page_1' title='image "./vmbricainterpre00buecgoog_0205.png"; bbox 0 0 3742 5364; ppageno 0'>
   <div class='ocr_carea' id='block_1_1' title="bbox 911 321 970 379">
    <p class='ocr_par' dir='ltr' id='par_1_1' title="bbox 911 321 970 379">
     <span class='ocr_line' id='line_1_1' title="bbox 911 321 970 379; baseline 0 0"><span class='ocrx_word' id='word_1_1' title='bbox 911 321 970 379; x_wconf 89' lang='grc'>198</span> 
     </span>
    </p>
   </div>
   <div class='ocr_carea' id='block_1_2' title="bbox 859 501 1024 578">
    <p class='ocr_par' dir='ltr' id='par_1_2' title="bbox 859 501 1024 578">
     <span class='ocr_line' id='line_1_2' title="bbox 859 501 1024 578; baseline 0 -18"><span class='ocrx_word' id='word_1_2' title='bbox 859 501 1024 578; x_wconf 90' lang='lat' dir='ltr'>passivum.</span> 
     </span>
    </p>
   </div>
   <div class='ocr_carea' id='block_1_3' title="bbox 292 639 1597 917">
    <p class='ocr_par' dir='ltr' id='par_1_3' title="bbox 292 639 1597 917">
     <span class='ocr_line' id='line_1_3' title="bbox 392 639 1597 717; baseline 0.002 -21"><span class='ocrx_word' id='word_1_3' title='bbox 392 641 511 717; x_wconf 86' lang='lat' dir='ltr'><strong>insigne</strong></span> <span class='ocrx_word' id='word_1_4' title='bbox 534 641 724 717; x_wconf 85' lang='lat' dir='ltr'>passivorum</span> <span class='ocrx_word' id='word_1_5' title='bbox 746 649 798 696; x_wconf 90' lang='lat' dir='ltr'>aut</span> <span class='ocrx_word' id='word_1_6' title='bbox 820 639 1045 714; x_wconf 82' lang='lat' dir='ltr'>deponentium</span> <span class='ocrx_word' id='word_1_7' title='bbox 1062 639 1224 697; x_wconf 89' lang='lat' dir='ltr'>verborum</span> <span class='ocrx_word' id='word_1_8' title='bbox 1245 658 1301 716; x_wconf 92' lang='lat' dir='ltr'>per</span> <span class='ocrx_word' id='word_1_9' title='bbox 1321 641 1432 698; x_wconf 87' lang='lat' dir='ltr'>modos</span> <span class='ocrx_word' id='word_1_10' title='bbox 1454 658 1495 698; x_wconf 90' lang='lat' dir='ltr'>ac</span> <span class='ocrx_word' id='word_1_11' title='bbox 1519 649 1597 698; x_wconf 92' lang='lat' dir='ltr'>tem·</span> 
     </span>
     <span class='ocr_line' id='line_1_4' title="bbox 292 738 1597 816; baseline 0.002 -20"><span class='ocrx_word' id='word_1_12' title='bbox 292 758 368 814; x_wconf 91' lang='lat' dir='ltr'>pora</span> <span class='ocrx_word' id='word_1_13' title='bbox 389 742 472 816; x_wconf 88' lang='lat' dir='ltr'>apud</span> <span class='ocrx_word' id='word_1_14' title='bbox 495 742 590 798; x_wconf 90' lang='lat' dir='ltr'>Italos</span> <span class='ocrx_word' id='word_1_15' title='bbox 612 760 630 796; x_wconf 91' lang='lat' dir='ltr'>r</span> <span class='ocrx_word' id='word_1_16' title='bbox 652 740 760 814; x_wconf 88' lang='lat' dir='ltr'>littera,</span> <span class='ocrx_word' id='word_1_17' title='bbox 780 740 861 814; x_wconf 87' lang='lat' dir='ltr'>apud</span> <span class='ocrx_word' id='word_1_18' title='bbox 881 738 1012 797; x_wconf 91' lang='lat' dir='ltr'>Vmbros</span> <span class='ocrx_word' id='word_1_19' title='bbox 1028 739 1201 797; x_wconf 78' lang='lat' dir='ltr'>detrahitur</span> <span class='ocrx_word' id='word_1_20' title='bbox 1222 741 1345 816; x_wconf 86' lang='lat' dir='ltr'>syllabis</span> <span class='ocrx_word' id='word_1_21' title='bbox 1361 741 1597 800; x_wconf 83' lang='lat' dir='ltr'>demissioribus</span> 
     </span>
     <span class='ocr_line' id='line_1_5' title="bbox 293 840 838 917; baseline 0.004 -21"><span class='ocrx_word' id='word_1_22' title='bbox 293 840 334 898; x_wconf 90' lang='lat' dir='ltr'>ita</span> <span class='ocrx_word' id='word_1_23' title='bbox 355 850 388 899; x_wconf 94' lang='lat' dir='ltr'>ut</span> <span class='ocrx_word' id='word_1_24' title='bbox 410 843 609 900; x_wconf 87' lang='lat' dir='ltr'>terminentur</span> <span class='ocrx_word' id='word_1_25' title='bbox 630 858 685 917; x_wconf 92' lang='lat' dir='ltr'>per</span> <span class='ocrx_word' id='word_1_26' title='bbox 707 841 838 898; x_wconf 88' lang='lat' dir='ltr'>vocales.</span> 
     </span>
    </p>
   </div>
   <div class='ocr_carea' id='block_1_4' title="bbox 294 992 1605 1271">
    <p class='ocr_par' dir='ltr' id='par_1_4' title="bbox 294 992 1605 1271">
     <span class='ocr_line' id='line_1_6' title="bbox 294 992 484 1055; baseline 0.021 -5"><span class='ocrx_word' id='word_1_27' title='bbox 294 992 484 1055; x_wconf 89' lang='lat' dir='ltr'>indicativus.</span> 
     </span>
     <span class='ocr_line' id='line_1_7' title="bbox 444 1086 1605 1171; baseline -0.003 -19"><span class='ocrx_word' id='word_1_28' title='bbox 444 1113 593 1171; x_wconf 87' lang='lat' dir='ltr'>praesens</span> <span class='ocrx_word' id='word_1_29' title='bbox 617 1095 695 1170; x_wconf 87' lang='lat' dir='ltr'>sing.</span> <span class='ocrx_word' id='word_1_30' title='bbox 721 1097 739 1154; x_wconf 92' lang='grc'><strong>3</strong></span> <span class='ocrx_word' id='word_1_31' title='bbox 760 1094 858 1151; x_wconf 79' lang='lat' dir='ltr'>herler</span> <span class='ocrx_word' id='word_1_32' title='bbox 891 1088 967 1171; x_wconf 89' lang='lat' dir='ltr'>(tab.</span> <span class='ocrx_word' id='word_1_33' title='bbox 990 1092 1017 1149; x_wconf 94' lang='lat' dir='ltr'>Il</span> <span class='ocrx_word' id='word_1_34' title='bbox 1034 1086 1092 1170; x_wconf 79' lang='lat'>111)</span> <span class='ocrx_word' id='word_1_35' title='bbox 1120 1102 1152 1150; x_wconf 92' lang='lat' dir='ltr'>ut</span> <span class='ocrx_word' id='word_1_36' title='bbox 1173 1094 1275 1163; x_wconf 87' lang='lat' dir='ltr'>fertur,</span> <span class='ocrx_word' id='word_1_37' title='bbox 1308 1095 1386 1153; x_wconf 80' lang='lat' dir='ltr'>herle</span> <span class='ocrx_word' id='word_1_38' title='bbox 1406 1094 1489 1152; x_wconf 77' lang='lat' dir='ltr'>herti</span> <span class='ocrx_word' id='word_1_39' title='bbox 1506 1093 1605 1150; x_wconf 78' lang='lat' dir='ltr'>hertei</span> 
     </span>
     <span class='ocr_line' id='line_1_8' title="bbox 756 1191 1354 1271; baseline 0.01 -21"><span class='ocrx_word' id='word_1_40' title='bbox 756 1195 799 1271; x_wconf 87' lang='lat' dir='ltr'>(V</span> <span class='ocrx_word' id='word_1_41' title='bbox 821 1204 853 1252; x_wconf 93' lang='lat' dir='ltr'>et</span> <span class='ocrx_word' id='word_1_42' title='bbox 875 1191 945 1266; x_wconf 76' lang='lat' dir='ltr'><strong>VII)</strong></span> <span class='ocrx_word' id='word_1_43' title='bbox 969 1194 1122 1252; x_wconf 91' lang='lat' dir='ltr'>transiens</span> <span class='ocrx_word' id='word_1_44' title='bbox 1145 1193 1176 1251; x_wconf 92' lang='lat' dir='ltr'>in</span> <span class='ocrx_word' id='word_1_45' title='bbox 1198 1195 1354 1257; x_wconf 87' lang='lat' dir='ltr'>adverbia.</span> 
     </span>
    </p>
   </div>
   <div class='ocr_carea' id='block_1_5' title="bbox 443 1393 1602 1572">
    <p class='ocr_par' dir='ltr' id='par_1_5' title="bbox 443 1393 1602 1572">
     <span class='ocr_line' id='line_1_9' title="bbox 443 1393 1258 1469; baseline -0.002 -16"><span class='ocrx_word' id='word_1_46' title='bbox 443 1396 573 1454; x_wconf 87' lang='lat' dir='ltr'>futurum</span> <span class='ocrx_word' id='word_1_47' title='bbox 595 1395 671 1469; x_wconf 87' lang='lat' dir='ltr'>sing.</span> <span class='ocrx_word' id='word_1_48' title='bbox 696 1396 713 1453; x_wconf 90' lang='lat'><strong>3</strong></span> <span class='ocrx_word' id='word_1_49' title='bbox 736 1395 780 1452; x_wconf 83' lang='lat' dir='ltr'>ier</span> <span class='ocrx_word' id='word_1_50' title='bbox 801 1395 891 1452; x_wconf 87' lang='lat' dir='ltr'>ibitur</span> <span class='ocrx_word' id='word_1_51' title='bbox 911 1397 951 1452; x_wconf 88' lang='lat' dir='ltr'>ab</span> <span class='ocrx_word' id='word_1_52' title='bbox 973 1394 1074 1453; x_wconf 90' lang='lat' dir='ltr'>activo</span> <span class='ocrx_word' id='word_1_53' title='bbox 1098 1401 1154 1451; x_wconf 77' lang='lat' dir='ltr'>ecs!</span> <span class='ocrx_word' id='word_1_54' title='bbox 1173 1393 1258 1453; x_wconf 80' lang='lat' dir='ltr'>*ies.·</span> 
     </span>
     <span class='ocr_line' id='line_1_10' title="bbox 590 1496 1602 1572; baseline 0.002 -20"><span class='ocrx_word' id='word_1_55' title='bbox 590 1497 666 1572; x_wconf 89' lang='lat' dir='ltr'>plur.</span> <span class='ocrx_word' id='word_1_56' title='bbox 690 1497 708 1554; x_wconf 90' lang='lat'><strong>3</strong></span> <span class='ocrx_word' id='word_1_57' title='bbox 731 1496 892 1552; x_wconf 81' lang='lat' dir='ltr'>oslenscndi</span> <span class='ocrx_word' id='word_1_58' title='bbox 911 1497 1126 1561; x_wconf 86' lang='lat' dir='ltr'>ostendentur,</span> <span class='ocrx_word' id='word_1_59' title='bbox 1142 1496 1276 1553; x_wconf 92' lang='lat' dir='ltr'>activum</span> <span class='ocrx_word' id='word_1_60' title='bbox 1290 1496 1432 1571; x_wconf 91' lang='lat' dir='ltr'>ponimus</span> <span class='ocrx_word' id='word_1_61' title='bbox 1446 1502 1602 1554; x_wconf 79' lang='lat' dir='ltr'>ostenscnt.</span> 
     </span>
    </p>
   </div>
   <div class='ocr_carea' id='block_1_6' title="bbox 443 1691 1602 1868">
    <p class='ocr_par' dir='ltr' id='par_1_6' title="bbox 443 1691 1602 1868">
     <span class='ocr_line' id='line_1_11' title="bbox 443 1691 1602 1771; baseline 0 -22"><span class='ocrx_word' id='word_1_62' title='bbox 443 1693 612 1769; x_wconf 87' lang='lat' dir='ltr'>perfectum</span> <span class='ocrx_word' id='word_1_63' title='bbox 632 1693 739 1751; x_wconf 79' lang='lat' dir='ltr'>screhto</span> <span class='ocrx_word' id='word_1_64' title='bbox 761 1698 803 1750; x_wconf 82' lang='lat' dir='ltr'>est</span> <span class='ocrx_word' id='word_1_65' title='bbox 822 1693 967 1768; x_wconf 89' lang='lat' dir='ltr'>scriptum</span> <span class='ocrx_word' id='word_1_66' title='bbox 989 1701 1046 1760; x_wconf 85' lang='lat' dir='ltr'>est,</span> <span class='ocrx_word' id='word_1_67' title='bbox 1071 1691 1261 1771; x_wconf 78' lang='lat' dir='ltr'>srosetonzest</span> <span class='ocrx_word' id='word_1_68' title='bbox 1280 1710 1375 1751; x_wconf 90' lang='lat' dir='ltr'>unum</span> <span class='ocrx_word' id='word_1_69' title='bbox 1396 1691 1535 1762; x_wconf 85' lang='lat' dir='ltr'>verbum,</span> <span class='ocrx_word' id='word_1_70' title='bbox 1560 1693 1602 1750; x_wconf 90' lang='lat' dir='ltr'>si·</span> 
     </span>
     <span class='ocr_line' id='line_1_12' title="bbox 542 1794 874 1868; baseline -0.003 -15"><span class='ocrx_word' id='word_1_71' title='bbox 542 1795 624 1854; x_wconf 92' lang='lat' dir='ltr'>milia</span> <span class='ocrx_word' id='word_1_72' title='bbox 644 1812 728 1852; x_wconf 87' lang='lat' dir='ltr'>more</span> <span class='ocrx_word' id='word_1_73' title='bbox 750 1794 874 1868; x_wconf 85' lang='lat' dir='ltr'>volgari.</span> 
     </span>
    </p>
   </div>
   <div class='ocr_carea' id='block_1_7' title="bbox 443 1996 1603 2581">
    <p class='ocr_par' dir='ltr' id='par_1_7' title="bbox 443 1996 1603 2581">
     <span class='ocr_line' id='line_1_13' title="bbox 443 1996 1601 2074; baseline -0.003 -19"><span class='ocrx_word' id='word_1_74' title='bbox 443 1999 575 2056; x_wconf 82' lang='lat' dir='ltr'>futurum</span> <span class='ocrx_word' id='word_1_75' title='bbox 597 1997 796 2074; x_wconf 89' lang='lat' dir='ltr'>praeteritum</span> <span class='ocrx_word' id='word_1_76' title='bbox 830 1997 907 2073; x_wconf 86' lang='lat' dir='ltr'>sing.</span> <span class='ocrx_word' id='word_1_77' title='bbox 933 2000 949 2055; x_wconf 87' lang='grc'>3</span> <span class='ocrx_word' id='word_1_78' title='bbox 974 1998 1013 2054; x_wconf 82' lang='lat' dir='ltr'>ise</span> <span class='ocrx_word' id='word_1_79' title='bbox 1034 1998 1108 2054; x_wconf 89' lang='lat' dir='ltr'>itum</span> <span class='ocrx_word' id='word_1_80' title='bbox 1124 1997 1182 2053; x_wconf 89' lang='lat' dir='ltr'>erit</span> <span class='ocrx_word' id='word_1_81' title='bbox 1203 1999 1241 2054; x_wconf 90' lang='lat' dir='ltr'>ab</span> <span class='ocrx_word' id='word_1_82' title='bbox 1264 2005 1324 2056; x_wconf 87' lang='lat' dir='ltr'>act.</span> <span class='ocrx_word' id='word_1_83' title='bbox 1341 1996 1410 2062; x_wconf 76' lang='lat' dir='ltr'>iusi,</span> <span class='ocrx_word' id='word_1_84' title='bbox 1432 2013 1462 2071; x_wconf 90' lang='lat' dir='ltr'>p.</span> <span class='ocrx_word' id='word_1_85' title='bbox 1475 1997 1527 2056; x_wconf 84' lang='lat'>82.</span> <span class='ocrx_word' id='word_1_86' title='bbox 1553 2015 1601 2052; x_wconf 88' lang='lat' dir='ltr'>co·</span> 
     </span>
     <span class='ocr_line' id='line_1_14' title="bbox 545 2097 1603 2166; baseline -0.004 -8"><span class='ocrx_word' id='word_1_87' title='bbox 545 2105 656 2158; x_wconf 81' lang='lat' dir='ltr'>uortuso</span> <span class='ocrx_word' id='word_1_88' title='bbox 678 2116 861 2157; x_wconf 85' lang='lat' dir='ltr'>conversum</span> <span class='ocrx_word' id='word_1_89' title='bbox 883 2099 940 2155; x_wconf 89' lang='lat' dir='ltr'>erit</span> <span class='ocrx_word' id='word_1_90' title='bbox 959 2099 998 2155; x_wconf 87' lang='lat' dir='ltr'>ab</span> <span class='ocrx_word' id='word_1_91' title='bbox 1015 2108 1075 2158; x_wconf 91' lang='lat' dir='ltr'>act.</span> <span class='ocrx_word' id='word_1_92' title='bbox 1099 2104 1241 2166; x_wconf 78' lang='lat' dir='ltr'>canorius,</span> <span class='ocrx_word' id='word_1_93' title='bbox 1265 2097 1370 2155; x_wconf 81' lang='lat' dir='ltr'>benuso</span> <span class='ocrx_word' id='word_1_94' title='bbox 1385 2105 1514 2155; x_wconf 90' lang='lat' dir='ltr'>ventum</span> <span class='ocrx_word' id='word_1_95' title='bbox 1528 2097 1603 2165; x_wconf 89' lang='lat' dir='ltr'>erit,</span> 
     </span>
     <span class='ocr_line' id='line_1_15' title="bbox 542 2197 1212 2274; baseline -0.003 -16"><span class='ocrx_word' id='word_1_96' title='bbox 542 2200 580 2260; x_wconf 82' lang='lat' dir='ltr'>ci.</span> <span class='ocrx_word' id='word_1_97' title='bbox 605 2218 708 2258; x_wconf 89' lang='lat' dir='ltr'>oscum</span> <span class='ocrx_word' id='word_1_98' title='bbox 741 2206 987 2274; x_wconf 82' lang='lat' dir='ltr'>comparascusler</span> <span class='ocrx_word' id='word_1_99' title='bbox 1017 2199 1068 2258; x_wconf 90' lang='lat' dir='ltr'>lat.</span> <span class='ocrx_word' id='word_1_100' title='bbox 1093 2197 1212 2256; x_wconf 87' lang='lat' dir='ltr'>faxitur.</span> 
     </span>
     <span class='ocr_line' id='line_1_16' title="bbox 642 2296 1602 2376; baseline -0.001 -19"><span class='ocrx_word' id='word_1_101' title='bbox 642 2302 674 2357; x_wconf 93' lang='lat' dir='ltr'>in</span> <span class='ocrx_word' id='word_1_102' title='bbox 702 2301 836 2358; x_wconf 85' lang='lat' dir='ltr'>vocalem</span> <span class='ocrx_word' id='word_1_103' title='bbox 867 2300 892 2358; x_wconf 90' lang='lat' dir='ltr'>si</span> <span class='ocrx_word' id='word_1_104' title='bbox 920 2300 1024 2357; x_wconf 89' lang='lat' dir='ltr'>thema</span> <span class='ocrx_word' id='word_1_105' title='bbox 1052 2300 1264 2376; x_wconf 75' lang='lat' dir='ltr'>presumebat,</span> <span class='ocrx_word' id='word_1_106' title='bbox 1295 2316 1412 2356; x_wconf 88' lang='lat' dir='ltr'>morem</span> <span class='ocrx_word' id='word_1_107' title='bbox 1438 2296 1602 2371; x_wconf 88' lang='lat' dir='ltr'>volgarem</span> 
     </span>
     <span class='ocr_line' id='line_1_17' title="bbox 541 2397 1602 2480; baseline -0.003 -22"><span class='ocrx_word' id='word_1_108' title='bbox 541 2401 701 2458; x_wconf 89' lang='lat' dir='ltr'>tenebant:</span> <span class='ocrx_word' id='word_1_109' title='bbox 724 2401 816 2475; x_wconf 75' lang='lat' dir='ltr'>pz&#39;haz</span> <span class='ocrx_word' id='word_1_110' title='bbox 831 2397 910 2477; x_wconf 79' lang='lat' dir='ltr'>fust,</span> <span class='ocrx_word' id='word_1_111' title='bbox 934 2401 1037 2457; x_wconf 81' lang='lat' dir='ltr'>muz&#39;eto</span> <span class='ocrx_word' id='word_1_112' title='bbox 1049 2400 1129 2480; x_wconf 81' lang='lat' dir='ltr'>sust,</span> <span class='ocrx_word' id='word_1_113' title='bbox 1145 2400 1265 2475; x_wconf 81' lang='lat' dir='ltr'>persnr&#39;s</span> <span class='ocrx_word' id='word_1_114' title='bbox 1276 2398 1356 2479; x_wconf 82' lang='lat' dir='ltr'>sust.</span> <span class='ocrx_word' id='word_1_115' title='bbox 1393 2397 1467 2456; x_wconf 90' lang='lat' dir='ltr'>item</span> <span class='ocrx_word' id='word_1_116' title='bbox 1483 2399 1602 2473; x_wconf 80' lang='lat' dir='ltr'>purdi·</span> 
     </span>
     <span class='ocr_line' id='line_1_18' title="bbox 540 2492 1209 2581; baseline 0.003 -23"><span class='ocrx_word' id='word_1_117' title='bbox 540 2509 595 2558; x_wconf 80' lang='lat' dir='ltr'>lom</span> <span class='ocrx_word' id='word_1_118' title='bbox 607 2501 679 2580; x_wconf 83' lang='lat' dir='ltr'>fust</span> <span class='ocrx_word' id='word_1_119' title='bbox 699 2499 771 2576; x_wconf 91' lang='lat' dir='ltr'>(act.</span> <span class='ocrx_word' id='word_1_120' title='bbox 789 2492 1004 2578; x_wconf 73' lang='lat' dir='ltr'>purdmliust),</span> <span class='ocrx_word' id='word_1_121' title='bbox 1026 2498 1117 2578; x_wconf 85' lang='lat' dir='ltr'>spasu</span> <span class='ocrx_word' id='word_1_122' title='bbox 1129 2500 1209 2581; x_wconf 82' lang='lat' dir='ltr'>sust.</span> 
     </span>
    </p>
   </div>
   <div class='ocr_carea' id='block_1_8' title="bbox 293 2708 1602 3172">
    <p class='ocr_par' dir='ltr' id='par_1_8' title="bbox 293 2708 1602 3172">
     <span class='ocr_line' id='line_1_19' title="bbox 293 2708 512 2767; baseline 0.014 -3"><span class='ocrx_word' id='word_1_123' title='bbox 293 2708 512 2767; x_wconf 84' lang='lat' dir='ltr'>coniunctivns</span> 
     </span>
     <span class='ocr_line' id='line_1_20' title="bbox 441 2804 1602 2887; baseline -0.002 -21"><span class='ocrx_word' id='word_1_124' title='bbox 441 2827 590 2884; x_wconf 90' lang='lat' dir='ltr'>praesens</span> <span class='ocrx_word' id='word_1_125' title='bbox 614 2809 690 2884; x_wconf 87' lang='lat' dir='ltr'>sing.</span> <span class='ocrx_word' id='word_1_126' title='bbox 714 2807 842 2887; x_wconf 83' lang='lat' dir='ltr'>3serar</span> <span class='ocrx_word' id='word_1_127' title='bbox 865 2808 978 2865; x_wconf 87' lang='lat' dir='ltr'>feratur</span> <span class='ocrx_word' id='word_1_128' title='bbox 1005 2808 1043 2865; x_wconf 90' lang='lat' dir='ltr'>ab</span> <span class='ocrx_word' id='word_1_129' title='bbox 1072 2816 1131 2867; x_wconf 91' lang='lat' dir='ltr'>act.</span> <span class='ocrx_word' id='word_1_130' title='bbox 1145 2806 1232 2884; x_wconf 86' lang='lat' dir='ltr'>fera,</span> <span class='ocrx_word' id='word_1_131' title='bbox 1266 2812 1406 2881; x_wconf 83' lang='lat' dir='ltr'>praestat</span> <span class='ocrx_word' id='word_1_132' title='bbox 1427 2804 1529 2862; x_wconf 90' lang='lat' dir='ltr'>vicem</span> <span class='ocrx_word' id='word_1_133' title='bbox 1552 2805 1602 2864; x_wconf 87' lang='lat' dir='ltr'>fu·</span> 
     </span>
     <span class='ocr_line' id='line_1_21' title="bbox 757 2909 948 2985; baseline 0.005 -18"><span class='ocrx_word' id='word_1_134' title='bbox 757 2909 825 2977; x_wconf 86' lang='lat' dir='ltr'>turi,</span> <span class='ocrx_word' id='word_1_135' title='bbox 848 2927 877 2985; x_wconf 93' lang='lat' dir='ltr'>p.</span> <span class='ocrx_word' id='word_1_136' title='bbox 898 2911 948 2968; x_wconf 82' lang='lat'>38.</span> 
     </span>
     <span class='ocr_line' id='line_1_22' title="bbox 614 3009 1599 3091; baseline -0.006 -20"><span class='ocrx_word' id='word_1_137' title='bbox 614 3015 689 3089; x_wconf 92' lang='lat' dir='ltr'>plur.</span> <span class='ocrx_word' id='word_1_138' title='bbox 713 3015 732 3072; x_wconf 89' lang='lat'><strong>3</strong></span> <span class='ocrx_word' id='word_1_139' title='bbox 756 3018 889 3069; x_wconf 81' lang='lat' dir='ltr'>emantur</span> <span class='ocrx_word' id='word_1_140' title='bbox 910 3018 1025 3069; x_wconf 79' lang='lat' dir='ltr'>emantu</span> <span class='ocrx_word' id='word_1_141' title='bbox 1049 3021 1199 3080; x_wconf 89' lang='lat' dir='ltr'>emantur,</span> <span class='ocrx_word' id='word_1_142' title='bbox 1218 3010 1387 3091; x_wconf 50' lang='lat' dir='ltr'>sariuntur,</span> <span class='ocrx_word' id='word_1_143' title='bbox 1417 3024 1481 3066; x_wconf 89' lang='lat' dir='ltr'>rec.</span> <span class='ocrx_word' id='word_1_144' title='bbox 1505 3009 1599 3065; x_wconf 77' lang='lat' dir='ltr'>tursi-</span> 
     </span>
     <span class='ocr_line' id='line_1_23' title="bbox 754 3106 1220 3172; baseline 0 -2"><span class='ocrx_word' id='word_1_145' title='bbox 754 3115 833 3170; x_wconf 84' lang='lat' dir='ltr'>andu</span> <span class='ocrx_word' id='word_1_146' title='bbox 857 3121 1033 3172; x_wconf 89' lang='lat' dir='ltr'>terreantur.</span> <span class='ocrx_word' id='word_1_147' title='bbox 1218 3106 1220 3111; x_wconf 65' lang='grc'><strong>’</strong></span> 
     </span>
    </p>
   </div>
   <div class='ocr_carea' id='block_1_9' title="bbox 292 3314 1602 4304">
    <p class='ocr_par' dir='ltr' id='par_1_9' title="bbox 292 3314 1602 4304">
     <span class='ocr_line' id='line_1_24' title="bbox 292 3314 1602 3394; baseline -0.004 -21"><span class='ocrx_word' id='word_1_148' title='bbox 292 3317 487 3392; x_wconf 85' lang='lat' dir='ltr'>imperativus</span> <span class='ocrx_word' id='word_1_149' title='bbox 511 3317 588 3392; x_wconf 86' lang='lat' dir='ltr'>sing.</span> <span class='ocrx_word' id='word_1_150' title='bbox 613 3320 631 3376; x_wconf 99' lang='grc'>2</span> <span class='ocrx_word' id='word_1_151' title='bbox 656 3320 673 3376; x_wconf 90' lang='grc'><strong>3</strong></span> <span class='ocrx_word' id='word_1_152' title='bbox 698 3336 746 3374; x_wconf 86' lang='lat' dir='ltr'>mu</span> <span class='ocrx_word' id='word_1_153' title='bbox 770 3317 885 3394; x_wconf 87' lang='lat' dir='ltr'>syllaba</span> <span class='ocrx_word' id='word_1_154' title='bbox 907 3316 1094 3383; x_wconf 90' lang='lat' dir='ltr'>terminatur,</span> <span class='ocrx_word' id='word_1_155' title='bbox 1129 3314 1168 3374; x_wconf 87' lang='lat' dir='ltr'>cf.</span> <span class='ocrx_word' id='word_1_156' title='bbox 1184 3330 1289 3370; x_wconf 90' lang='lat' dir='ltr'>oscum</span> <span class='ocrx_word' id='word_1_157' title='bbox 1311 3328 1463 3368; x_wconf 76' lang='lat' dir='ltr'>censemur</span> <span class='ocrx_word' id='word_1_158' title='bbox 1486 3329 1602 3369; x_wconf 90' lang='lat' dir='ltr'>cense-</span> 
     </span>
     <span class='ocr_line' id='line_1_25' title="bbox 656 3413 1600 3492; baseline -0.004 -16"><span class='ocrx_word' id='word_1_159' title='bbox 656 3419 752 3476; x_wconf 90' lang='lat' dir='ltr'>rnino:</span> <span class='ocrx_word' id='word_1_160' title='bbox 770 3419 939 3492; x_wconf 76' lang='lat' dir='ltr'>perani-mu</span> <span class='ocrx_word' id='word_1_161' title='bbox 956 3417 1128 3492; x_wconf 81' lang='lat' dir='ltr'>persnz&#39;hmu</span> <span class='ocrx_word' id='word_1_162' title='bbox 1144 3413 1326 3490; x_wconf 80' lang='lat' dir='ltr'>perrm&#39;himu</span> <span class='ocrx_word' id='word_1_163' title='bbox 1347 3419 1501 3488; x_wconf 84' lang='lat' dir='ltr'>precator.</span> <span class='ocrx_word' id='word_1_164' title='bbox 1536 3433 1600 3472; x_wconf 88' lang='lat' dir='ltr'>am-</span> 
     </span>
     <span class='ocr_line' id='line_1_26' title="bbox 648 3512 1600 3595; baseline -0.004 -19"><span class='ocrx_word' id='word_1_165' title='bbox 648 3521 790 3595; x_wconf 78' lang='lat' dir='ltr'>parihmu</span> <span class='ocrx_word' id='word_1_166' title='bbox 810 3529 869 3580; x_wconf 90' lang='lat' dir='ltr'>act.</span> <span class='ocrx_word' id='word_1_167' title='bbox 884 3520 1041 3595; x_wconf 78' lang='lat' dir='ltr'>amparitu.</span> <span class='ocrx_word' id='word_1_168' title='bbox 1065 3519 1224 3574; x_wconf 74' lang='lat' dir='ltr'>eludstamu</span> <span class='ocrx_word' id='word_1_169' title='bbox 1242 3512 1485 3581; x_wconf 62' lang='lat' dir='ltr'>cheturstahamm</span> <span class='ocrx_word' id='word_1_170' title='bbox 1507 3515 1600 3589; x_wconf 75' lang='lat' dir='ltr'>spak-</span> 
     </span>
     <span class='ocr_line' id='line_1_27' title="bbox 655 3621 1095 3697; baseline 0 -18"><span class='ocrx_word' id='word_1_171' title='bbox 655 3642 702 3679; x_wconf 86' lang='lat' dir='ltr'>mu</span> <span class='ocrx_word' id='word_1_172' title='bbox 721 3623 862 3697; x_wconf 78' lang='lat' dir='ltr'>spoiamu</span> <span class='ocrx_word' id='word_1_173' title='bbox 884 3629 944 3679; x_wconf 91' lang='lat' dir='ltr'>act.</span> <span class='ocrx_word' id='word_1_174' title='bbox 966 3621 1095 3694; x_wconf 65' lang='lat' dir='ltr'>natatu.</span> 
     </span>
     <span class='ocr_line' id='line_1_28' title="bbox 512 3716 1600 3801; baseline -0.004 -20"><span class='ocrx_word' id='word_1_175' title='bbox 512 3726 587 3801; x_wconf 91' lang='lat' dir='ltr'>plur.</span> <span class='ocrx_word' id='word_1_176' title='bbox 610 3727 628 3783; x_wconf 94' lang='grc'>2</span> <span class='ocrx_word' id='word_1_177' title='bbox 652 3743 695 3781; x_wconf 86' lang='lat' dir='ltr'>mo</span> <span class='ocrx_word' id='word_1_178' title='bbox 715 3724 829 3800; x_wconf 91' lang='lat' dir='ltr'>syllaba</span> <span class='ocrx_word' id='word_1_179' title='bbox 866 3723 1047 3780; x_wconf 89' lang='lat' dir='ltr'>terminatur</span> <span class='ocrx_word' id='word_1_180' title='bbox 1079 3721 1185 3796; x_wconf 90' lang='lat' dir='ltr'>itaque</span> <span class='ocrx_word' id='word_1_181' title='bbox 1219 3718 1416 3796; x_wconf 87' lang='lat' dir='ltr'>perpusillum</span> <span class='ocrx_word' id='word_1_182' title='bbox 1446 3716 1556 3775; x_wconf 86' lang='lat' dir='ltr'>differt</span> <span class='ocrx_word' id='word_1_183' title='bbox 1579 3737 1600 3777; x_wconf 89' lang='lat' dir='ltr'>a</span> 
     </span>
     <span class='ocr_line' id='line_1_29' title="bbox 656 3819 1598 3899; baseline -0.007 -15"><span class='ocrx_word' id='word_1_184' title='bbox 656 3826 732 3899; x_wconf 85' lang='lat' dir='ltr'>sing.</span> <span class='ocrx_word' id='word_1_185' title='bbox 756 3828 774 3884; x_wconf 99' lang='grc'>2</span> <span class='ocrx_word' id='word_1_186' title='bbox 798 3827 826 3893; x_wconf 92' lang='grc'>3,</span> <span class='ocrx_word' id='word_1_187' title='bbox 851 3824 889 3882; x_wconf 89' lang='lat' dir='ltr'>cf.</span> <span class='ocrx_word' id='word_1_188' title='bbox 910 3825 983 3898; x_wconf 91' lang='lat' dir='ltr'>imp.</span> <span class='ocrx_word' id='word_1_189' title='bbox 1008 3831 1066 3881; x_wconf 91' lang='lat' dir='ltr'>act.</span> <span class='ocrx_word' id='word_1_190' title='bbox 1091 3823 1169 3896; x_wconf 90' lang='lat' dir='ltr'>sing.</span> <span class='ocrx_word' id='word_1_191' title='bbox 1186 3824 1238 3880; x_wconf 86' lang='grc'>23</span> <span class='ocrx_word' id='word_1_192' title='bbox 1262 3826 1338 3878; x_wconf 81' lang='lat' dir='ltr'>elatu</span> <span class='ocrx_word' id='word_1_193' title='bbox 1361 3819 1437 3894; x_wconf 90' lang='lat' dir='ltr'>plur.</span> <span class='ocrx_word' id='word_1_194' title='bbox 1460 3819 1479 3875; x_wconf 89' lang='grc'>2</span> <span class='ocrx_word' id='word_1_195' title='bbox 1503 3822 1598 3877; x_wconf 80' lang='lat' dir='ltr'>elato:</span> 
     </span>
     <span class='ocr_line' id='line_1_30' title="bbox 655 3919 1597 3995; baseline 0 -13"><span class='ocrx_word' id='word_1_196' title='bbox 655 3926 837 3983; x_wconf 78' lang='lat' dir='ltr'>caterohamo</span> <span class='ocrx_word' id='word_1_197' title='bbox 859 3934 918 3984; x_wconf 91' lang='lat' dir='ltr'>vet.</span> <span class='ocrx_word' id='word_1_198' title='bbox 930 3925 1080 3981; x_wconf 81' lang='lat' dir='ltr'>kateramu</span> <span class='ocrx_word' id='word_1_199' title='bbox 1096 3922 1302 3995; x_wconf 80' lang='lat' dir='ltr'>catervamini‚</span> <span class='ocrx_word' id='word_1_200' title='bbox 1327 3919 1512 3978; x_wconf 81' lang='lat' dir='ltr'>orsmahamo</span> <span class='ocrx_word' id='word_1_201' title='bbox 1534 3930 1597 3982; x_wconf 86' lang='lat' dir='ltr'>vet.</span> 
     </span>
     <span class='ocr_line' id='line_1_31' title="bbox 658 4025 1221 4102; baseline -0.007 -18"><span class='ocrx_word' id='word_1_202' title='bbox 658 4046 784 4084; x_wconf 80' lang='lat' dir='ltr'>armana</span> <span class='ocrx_word' id='word_1_203' title='bbox 806 4045 861 4102; x_wconf 90' lang='lat' dir='ltr'>per</span> <span class='ocrx_word' id='word_1_204' title='bbox 884 4046 920 4082; x_wconf 85' lang='lat' dir='ltr'>no</span> <span class='ocrx_word' id='word_1_205' title='bbox 945 4025 1103 4099; x_wconf 87' lang='lat' dir='ltr'>syllabam,</span> <span class='ocrx_word' id='word_1_206' title='bbox 1126 4043 1154 4099; x_wconf 92' lang='lat' dir='ltr'>p.</span> <span class='ocrx_word' id='word_1_207' title='bbox 1172 4026 1221 4083; x_wconf 79' lang='lat'>97.</span> 
     </span>
     <span class='ocr_line' id='line_1_32' title="bbox 513 4119 1598 4205; baseline -0.006 -20"><span class='ocrx_word' id='word_1_208' title='bbox 513 4131 587 4205; x_wconf 87' lang='lat' dir='ltr'>plur.</span> <span class='ocrx_word' id='word_1_209' title='bbox 612 4132 630 4187; x_wconf 93' lang='lat'><strong>3</strong></span> <span class='ocrx_word' id='word_1_210' title='bbox 653 4147 745 4185; x_wconf 85' lang='lat' dir='ltr'>mumo</span> <span class='ocrx_word' id='word_1_211' title='bbox 776 4129 899 4203; x_wconf 89' lang='lat' dir='ltr'>syllabis</span> <span class='ocrx_word' id='word_1_212' title='bbox 926 4128 1118 4184; x_wconf 89' lang='lat' dir='ltr'>terminatur:</span> <span class='ocrx_word' id='word_1_213' title='bbox 1148 4125 1343 4200; x_wconf 82' lang='lat' dir='ltr'>persm&#39;mumo</span> <span class='ocrx_word' id='word_1_214' title='bbox 1362 4119 1598 4196; x_wconf 79' lang='lat' dir='ltr'>pcrsm&#39;lninumo</span> 
     </span>
     <span class='ocr_line' id='line_1_33' title="bbox 655 4225 1344 4304; baseline -0.003 -18"><span class='ocrx_word' id='word_1_215' title='bbox 655 4239 819 4304; x_wconf 88' lang='lat' dir='ltr'>precantor</span> <span class='ocrx_word' id='word_1_216' title='bbox 842 4229 880 4287; x_wconf 90' lang='lat' dir='ltr'>cf.</span> <span class='ocrx_word' id='word_1_217' title='bbox 905 4229 977 4302; x_wconf 92' lang='lat' dir='ltr'>imp.</span> <span class='ocrx_word' id='word_1_218' title='bbox 1000 4236 1059 4287; x_wconf 91' lang='lat' dir='ltr'>act.</span> <span class='ocrx_word' id='word_1_219' title='bbox 1083 4226 1185 4284; x_wconf 82' lang='lat' dir='ltr'>hubz&#39;lu</span> <span class='ocrx_word' id='word_1_220' title='bbox 1206 4225 1344 4284; x_wconf 78' lang='lat' dir='ltr'>habz&#39;tutn</span> 
     </span>
    </p>
   </div>
   <div class='ocr_carea' id='block_1_10' title="bbox 292 4423 1604 4710">
    <p class='ocr_par' dir='ltr' id='par_1_10' title="bbox 292 4423 1604 4710">
     <span class='ocr_line' id='line_1_34' title="bbox 292 4423 1595 4510; baseline -0.004 -18"><span class='ocrx_word' id='word_1_221' title='bbox 292 4436 484 4510; x_wconf 90' lang='lat' dir='ltr'>participium</span> <span class='ocrx_word' id='word_1_222' title='bbox 507 4433 636 4509; x_wconf 87' lang='lat' dir='ltr'>perfecti</span> <span class='ocrx_word' id='word_1_223' title='bbox 658 4432 690 4489; x_wconf 87' lang='lat' dir='ltr'>fit</span> <span class='ocrx_word' id='word_1_224' title='bbox 716 4433 746 4489; x_wconf 93' lang='lat' dir='ltr'>in</span> <span class='ocrx_word' id='word_1_225' title='bbox 770 4438 799 4488; x_wconf 80' lang='lat' dir='ltr'>ta</span> <span class='ocrx_word' id='word_1_226' title='bbox 822 4438 859 4499; x_wconf 82' lang='lat' dir='ltr'>to,</span> <span class='ocrx_word' id='word_1_227' title='bbox 883 4431 959 4488; x_wconf 90' lang='lat' dir='ltr'>elisa</span> <span class='ocrx_word' id='word_1_228' title='bbox 975 4431 1071 4488; x_wconf 91' lang='lat' dir='ltr'>vocali</span> <span class='ocrx_word' id='word_1_229' title='bbox 1095 4430 1126 4486; x_wconf 89' lang='lat' dir='ltr'>in</span> <span class='ocrx_word' id='word_1_230' title='bbox 1142 4447 1236 4489; x_wconf 89' lang='lat' dir='ltr'>masc.</span> <span class='ocrx_word' id='word_1_231' title='bbox 1253 4430 1329 4505; x_wconf 89' lang='lat' dir='ltr'>sing.</span> <span class='ocrx_word' id='word_1_232' title='bbox 1342 4446 1425 4484; x_wconf 91' lang='lat' dir='ltr'>nom.</span> <span class='ocrx_word' id='word_1_233' title='bbox 1444 4423 1595 4487; x_wconf 82' lang='lat' dir='ltr'>coalescit</span> 
     </span>
     <span class='ocr_line' id='line_1_35' title="bbox 443 4520 1592 4608; baseline -0.003 -16"><span class='ocrx_word' id='word_1_234' title='bbox 443 4535 575 4592; x_wconf 89' lang='lat' dir='ltr'>dentalis</span> <span class='ocrx_word' id='word_1_235' title='bbox 592 4552 662 4591; x_wconf 91' lang='lat' dir='ltr'>cum</span> <span class='ocrx_word' id='word_1_236' title='bbox 683 4551 711 4590; x_wconf 87' lang='lat' dir='ltr'>s:</span> <span class='ocrx_word' id='word_1_237' title='bbox 728 4533 822 4608; x_wconf 79' lang='lat' dir='ltr'>pz&#39;lzaz</span> <span class='ocrx_word' id='word_1_238' title='bbox 838 4533 926 4607; x_wconf 79' lang='lat' dir='ltr'>pz&#39;izos</span> <span class='ocrx_word' id='word_1_239' title='bbox 947 4532 1058 4606; x_wconf 88' lang='lat' dir='ltr'>piatus,</span> <span class='ocrx_word' id='word_1_240' title='bbox 1081 4520 1158 4588; x_wconf 72' lang='lat' dir='ltr'>laica</span> <span class='ocrx_word' id='word_1_241' title='bbox 1181 4532 1253 4587; x_wconf 70' lang='lat' dir='ltr'>lasti</span> <span class='ocrx_word' id='word_1_242' title='bbox 1274 4530 1351 4606; x_wconf 89' lang='lat' dir='ltr'>plur.</span> <span class='ocrx_word' id='word_1_243' title='bbox 1369 4547 1452 4589; x_wconf 90' lang='lat' dir='ltr'>nom.</span> <span class='ocrx_word' id='word_1_244' title='bbox 1473 4536 1592 4597; x_wconf 74' lang='lat' dir='ltr'>tasciur,</span> 
     </span>
     <span class='ocr_line' id='line_1_36' title="bbox 441 4622 1604 4710; baseline -0.004 -17"><span class='ocrx_word' id='word_1_245' title='bbox 441 4636 534 4693; x_wconf 84' lang='lat' dir='ltr'>Asisii</span> <span class='ocrx_word' id='word_1_246' title='bbox 556 4643 631 4709; x_wconf 83' lang='lat' dir='ltr'>emps</span> <span class='ocrx_word' id='word_1_247' title='bbox 652 4642 783 4710; x_wconf 82' lang='lat' dir='ltr'>emptus,</span> <span class='ocrx_word' id='word_1_248' title='bbox 1601 4622 1604 4627; x_wconf 57' lang='grc'>’</span> 
     </span>
    </p>
   </div>
   <div class='ocr_carea' id='block_1_11' title="bbox 0 0 1883 5364">
    <p class='ocr_par' dir='ltr' id='par_1_11' title="bbox 0 0 1883 5364">
     <span class='ocr_line' id='line_1_37' title="bbox 0 0 1883 5364; baseline 0 0"><span class='ocrx_word' id='word_1_249' title='bbox 0 0 1883 5364; x_wconf 95' lang='lat' dir='ltr'> </span> 
     </span>
    </p>
   </div>
  </div>
 </body>
</html>
