3742 5364
236 354 306 418 1V2
843 347 902 407 162

230 542 345 624 spanti
381 541 460 604 triia
498 537 588 603 tefra
627 533 853 620 prusekatu,l
902 551 982 608 latus
1048 547 1105 604 tria
1170 545 1249 603 tetra
1303 551 1492 622 prosecato,
1533 535 1538 620 1

229 642 318 706 enei<
353 660 459 723 supru
486 658 565 702 sese
588 636 759 702 eresluma
783 636 852 698 Ve·
904 651 934 708 id
965 666 1069 707 sursus
1106 649 1148 706 ad
1185 645 1349 706 sacrarium
1380 644 1537 703 verunae

230 764 314 806 sune
334 742 532 805 Puemunes
552 739 556 823 Ι
577 732 748 821 Pupdises
774 758 852 820 pur·
904 750 1034 807 Pumuni
1101 743 1106 825 Ι
1179 747 1296 823 Puplici
1367 745 1536 821 perficito,

228 845 350 916 tuvitu,
382 837 531 904 struh'sla
565 850 731 921 petenata
750 839 852 912 isekl
871 867 883 905 s
903 851 1077 909 stmiculam
1147 849 1334 926 pectinatam
1405 847 1485 903 item
1525 841 1537 914 1·

230 945 379 1008 adveitu.
405 952 583 1006 erererunt
603 942 751 1023 kapidus
764 942 851 1004 Pue·
903 951 1027 1010 adicito.
1072 950 1190 1007 eisdem
1224 948 1385 1024 capidibus
1417 946 1537 1005 Pumu·

230 1066 341 1120 mune,
359 1044 363 1128 l
384 1046 526 1108 Vesune
547 1045 732 1125 purtuvitu
776 1065 863 1107 asae
902 1069 952 1121 no,
985 1046 1157 1130 lVesunae
1179 1051 1334 1125 porricito.
1378 1049 1423 1106 ad
1445 1066 1536 1105 aram

229 1153 310 1210 mati
344 1143 538 1209 ereslumail
558 1144 562 1227 l
583 1136 738 1208 asesetes
771 1146 850 1208 kar·
902 1155 943 1211 ad
966 1153 1130 1211 sacrarium
1150 1145 1154 1229 Ι
1175 1169 1237 1208 non
1260 1149 1354 1207 sectis
1373 1149 1536 1218 carnibus,

228 1357 334 1414 militer
352 1364 526 1430 exemptam
562 1356 622 1412 libo
652 1375 688 1414 ac
719 1365 903 1432 protractam
933 1359 1021 1432 quasi
1055 1375 1125 1414 curu
1153 1364 1232 1413 terra
1260 1360 1361 1412 aratro
1384 1352 1536 1417 sulcatur,

231 1475 322 1533 porca
352 1458 398 1513 vel
424 1458 562 1514 cumulus
589 1459 712 1517 eminet.
766 1459 878 1516 Libero
907 1460 1020 1517 virilem
1048 1458 1182 1534 corporis
1209 1464 1326 1532 partem
1352 1455 1384 1512 in
1413 1455 1536 1529 templo

231 1559 313 1633 poni,
334 1557 493 1616 femineam
516 1559 645 1616 Liberae
669 1560 748 1628 ideo,
773 1562 858 1636 quod
880 1561 1031 1617 beneficio
1054 1577 1160 1617 eorum
1183 1558 1280 1615 emitti
1302 1557 1420 1614 semina
1442 1556 1536 1630 geni·

231 1658 301 1715 talia
323 1658 548 1732 perhibeantur,
577 1659 673 1717 Varro
697 1662 798 1718 scribit
821 1661 868 1718 vel
891 1662 1079 1735 Augustinus
1102 1661 1142 1717 de
1164 1660 1219 1718 civ.
1242 1658 1293 1714 dei
1316 1656 1361 1713 VI
1377 1659 1407 1716 9.

332 1761 350 1818 3
387 1759 490 1815 Verum
514 1760 620 1816 Erinz'e
642 1767 669 1817 et
691 1761 781 1817 Erine
799 1768 887 1835 patre
914 1763 1029 1818 donum
1057 1763 1164 1818 datum
1187 1777 1204 1816 a
1229 1758 1266 1819 V,
1289 1757 1415 1816 Atiedio
1441 1757 1475 1814 in
1500 1757 1536 1815 fi-

232 1861 319 1918 nibus
342 1860 511 1918 Marsorum
535 1862 645 1936 legitur
667 1861 742 1919 CIL.
766 1863 869 1931 1182,
907 1863 1012 1919 Vesune
1034 1881 1051 1920 a
1075 1862 1128 1920 Pa.
1153 1860 1268 1936 Paquio
1298 1858 1444 1916 meddice
1469 1858 1536 1915 An·

232 1962 286 2018 tini
308 1961 478 2019 Marsorum
502 1963 532 2018 in
558 1962 739 2020 Mommseni
763 1964 832 2023 dial.
855 1982 885 2038 p.
909 1965 979 2023 321.
1025 1962 1150 2038 Capuae
1182 1963 1211 2019 in
1246 1961 1420 2035 sepulcreto
1440 1960 1536 2035 signa

232 2079 319 2120 sacra
338 2072 459 2136 reperta
482 2071 552 2119 sunt
583 2063 711 2119 Vesulius
731 2074 763 2120 et
792 2064 921 2120 Verulis·
945 2064 1053 2122 derbr'n·
1074 2061 1127 2136 (cf.
1147 2060 1304 2119 Zvetaielfi
1325 2060 1466 2136 syllogen
1483 2077 1535 2117 os·

232 2179 334 2218 carum
357 2162 444 2221 inser.
468 2182 497 2222 n.
523 2164 562 2221 33
586 2165 624 2223 37
647 2161 699 2236 38)
731 2166 815 2238 quod
837 2182 950 2221 numen
975 2164 1143 2221 derivatum
1166 2170 1213 2219 est
1236 2162 1274 2219 ab
1296 2160 1355 2219 ill0.
1402 2160 1535 2218 Boviani

232 2265 357 2322 meddin
380 2266 492 2321 tuticus
525 2265 686 2331 Vesulliais,
710 2266 788 2322 inter
813 2265 958 2322 Vmbriae
985 2266 1116 2341 populos
1148 2264 1323 2320 Vesinicates.
1366 2261 1535 2319 Helvinam

233 2366 375 2423 Cererem
396 2383 488 2440 quam
509 2365 679 2439 Aquinates
703 2384 739 2422 ac
763 2366 913 2424 Iuvenalis
940 2366 984 2423 ΙΙΙ
1009 2368 1070 2425 320
1094 2365 1297 2432 celebrarunt,
1331 2362 1417 2437 quod
1439 2370 1534 2419 vetus

231 2477 343 2542 poetae
363 2468 510 2542 interpres
532 2475 595 2524 tam
621 2469 702 2542 apud
725 2467 878 2543 Aquinum
905 2485 998 2543 quam
1020 2469 1050 2524 in
1074 2467 1179 2525 Galliis
1213 2466 1272 2523 coli
1303 2464 1430 2539 scripsit,
1465 2480 1534 2521 non

232 2585 342 2624 vanum
363 2567 483 2623 videtur
506 2577 718 2637 commentum,
752 2569 928 2643 praesertim
956 2586 1025 2625 cum
1046 2569 1184 2641 gallicam
1206 2566 1385 2623 Helviorum·
1403 2572 1535 2638 gentem

232 2688 295 2726 non
318 2670 599 2726 commemoraverit
621 2670 678 2738 ille,
703 2669 830 2727 fortasse
854 2671 977 2727 omnino
1000 2688 1061 2725 nou
1083 2668 1222 2726 habuerit
1244 2667 1406 2741 cognitam.
1441 2674 1533 2723 certe

232 2772 355 2845 quidem
390 2770 466 2828 haec
490 2770 637 2828 Vesunna
670 2789 774 2828 comes
809 2771 966 2829 Gallorum
989 2773 1079 2829 etiam
1110 2771 1139 2827 in
1163 2769 1359 2846 Aquitaniam
1389 2766 1535 2842 migravit

232 2889 405 2946 nomenque
421 2873 530 2930 civitati
547 2873 789 2930 Petrocoriorum
811 2874 897 2930 dedit
912 2873 1088 2939 Vesunnae,
1112 2874 1142 2929 in
1156 2890 1217 2947 qua
1230 2871 1340 2929 abhinc
1356 2869 1534 2945 quinquen·

232 2972 314 3029 nium
335 2990 437 3028 rursus
461 2973 588 3030 effossus
623 2983 671 3030 est
704 2975 779 3049 lapis
815 2975 1042 3031 venerationem
1071 2981 1189 3030 testans
1225 2971 1343 3027 Defelae
1369 2969 1536 3038 Vesunnae,

233 3073 345 3148 quippe
370 3074 417 3129 cui
439 3074 590 3149 porticum
612 3075 830 3131 exstruendam
853 3083 906 3132 aut
929 3075 1143 3150 expolieudam
1165 3073 1275 3128 milites
1290 3071 1418 3146 primani
1441 3088 1537 3127 cura·

232 3176 290 3230 rint
315 3170 357 3247 (in
380 3174 577 3249 ephemeride
600 3175 750 3232 archaeol.
775 3174 936 3232 Parisiensi
960 3177 1041 3234 1877
1058 3173 1127 3231 Oct.
1145 3192 1173 3248 p.
1188 3169 1271 3247 225).
1309 3172 1349 3228 de
1372 3178 1536 3246 potestate

233 3276 313 3332 deae
333 3274 404 3332 nihil
427 3276 537 3331 scimus
560 3283 681 3349 practer
703 3276 734 3330 id
755 3276 840 3350 quod
863 3274 922 3333 hac
943 3276 1046 3332 tabula
1074 3276 1312 3339 demonstratur,
1346 3270 1482 3328 Vmbros
1506 3272 1539 3328 ei

232 3377 311 3432 inter
326 3376 450 3433 numina
466 3370 619 3433 ‘studium
635 3376 745 3451 quibus
763 3394 834 3433 arva
850 3369 940 3433 tueri'
958 3377 1062 3432 tertias
1078 3376 1172 3449 partis
1187 3375 1334 3430 detulisse
1346 3380 1398 3429 aut
1414 3373 1537 3430 omisso

232 3477 303 3533 love
324 3485 409 3552 patre
426 3477 588 3535 secundas,
625 3475 722 3532 Vesta
738 3493 800 3551 quo
816 3494 941 3533 munere
957 3476 1076 3533 Romae
1092 3475 1236 3549 fungitur,
1259 3474 1292 3530 id
1307 3472 1413 3533 Vmbri
1425 3470 1537 3530 Vesti-

233 3579 280 3635 cio
301 3580 538 3646 demandarunt,
561 3579 618 3635 sed
640 3578 778 3654 quamvis
795 3579 916 3635 diversa
932 3577 1057 3634 Vesuna
1080 3560 1097 3633 a
1114 3577 1210 3633 Vesta
1227 3575 1364 3648 evaserit,
1387 3571 1447 3629 hoc
1467 3590 1537 3631 non

233 3679 360 3753 impedit
383 3679 544 3754 quominus
568 3695 661 3734 unum
684 3686 715 3735 et
739 3679 821 3734 idem
840 3679 996 3735 nominum
1018 3678 1199 3753 principium
1222 3677 1392 3742 credamus,
1416 3690 1537 3749 nempe

234 3798 348 3836 never
375 3781 499 3854 quidem
528 3779 650 3837 aliunde
679 3787 817 3835 exortum
850 3781 977 3836 videtur.
1022 3788 1053 3836 et
1086 3779 1156 3836 huic
1187 3777 1337 3834 vocabulo
1370 3773 1537 3848 aliquanto

234 3898 324 3956 quam
344 3880 460 3938 Vestae
483 3881 606 3955 propior
628 3881 703 3937 illius
720 3882 798 3936 deae
815 3881 857 3937 vis
880 3889 937 3949 est,
961 3898 1019 3937 nee
1042 3880 1129 3937 nimis
1150 3881 1242 3952 longe
1257 3878 1438 3935 aberravero
1454 3892 1536 3933 con·

234 3983 360 4048 iectura,
384 3981 408 4036 si
430 3990 529 4037 terrae
550 3999 619 4038 vere
642 3982 766 4037 nitentis
790 3981 945 4055 quandam
967 3981 1130 4054 imaginem
1155 3981 1197 4036 ita
1213 3993 1389 4052 expressam
1410 3975 1536 4037 dixero.

234 4100 307 4138 ecce
322 4082 417 4137 modo
432 4082 587 4140 inventum
603 4091 650 4139 est
666 4100 727 4157 quo
743 4083 871 4139 similem
889 4082 1020 4139 Liberae
1041 4082 1134 4138 fuisse
1153 4083 1245 4137 deam
1263 4077 1426 4136 manifesto
1444 4094 1537 4138 corn·

233 4183 414 4256 periremus,
451 4183 482 4238 in
503 4183 612 4240 Tuscis
641 4185 795 4258 speculum
823 4192 968 4258 quattuor
996 4184 1098 4258 figuris
1125 4190 1265 4238 ornatum
1295 4188 1326 4236 et
1355 4176 1537 4238 nominibus

237 4282 350 4347 Ercole,
376 4281 557 4356 Phuplrluns,
590 4284 709 4352 Vestam,
733 4281 863 4358 Soutaph
890 4303 929 4341 ex
952 4284 1062 4359 quibus
1095 4283 1204 4339 Vesuna
1233 4279 1346 4338 Bacchi
1374 4280 1459 4337 socia
1488 4281 1537 4339 in·

235 4383 331 4455 signia
356 4383 507 4441 Bacchica
528 4385 606 4459 gerit
621 4384 749 4441 nebrida
772 4393 802 4440 ct
823 4385 958 4460 thyrsum
975 4378 1019 4461 (in
1035 4384 1110 4442 actis
1127 4382 1255 4440 instituti
1270 4379 1422 4438 archaeol.
1438 4380 1535 4443 Rom.

236 4481 467 4558 reseptos).
512 4484 659 4544 Vesunae
682 4494 713 4542 et
741 4485 882 4543 Pumuno
910 4504 948 4541 ex
976 4486 1094 4542 eisdem
1123 4484 1284 4559 capidibus
1311 4481 1464 4556 prosicias
1501 4493 1537 4543 et

234 4583 296 4640 liba
317 4584 429 4640 dantur
449 4592 557 4659 utpote
580 4587 759 4661 coniugibus
783 4604 859 4661 quos
882 4588 1014 4644 deceant
1037 4584 1239 4643 confarreata.

335 4687 352 4743 ti
377 4674 539 4742 ereilamad
556 4689 664 4745 vitiose
687 4688 820 4763 sculptor
835 4689 1030 4745 adsimilasse
1046 4688 1168 4744 videtur
1182 4683 1383 4761 praecedenti
1397 4690 1536 4755 esamad,
