3742 5364
238 338 350 402 Vtere
365 340 448 402 1812
866 343 906 403 88

237 526 353 607 ponel
375 543 541 588 esonome
562 523 665 597 ferar,
696 522 780 605 pufe
806 524 860 606 pir
873 549 899 586 n
914 525 1031 596 cumlin
1044 548 1107 587 rem
1118 529 1383 599 divinamferetur,
1393 530 1545 609 idioque

239 626 397 698 entelust,
436 644 495 687 ere
529 622 619 686 fertu
655 644 723 705 poe
755 643 861 704 perca
912 630 1014 702 ignem
1026 631 1214 704 imposuerit,
1229 632 1255 688 is
1271 631 1350 689 serto
1360 633 1412 706 qui
1422 634 1544 709 virgam

238 836 295 892 sed
317 834 462 890 Rebecca
483 832 621 907 hydriam
645 840 748 906 portat
771 833 801 886 in
823 834 946 905 scepeie
968 851 1021 888 sna
1044 829 1110 906 (ἐπὶ
1134 832 1200 894 τῶν
1224 829 1322 908 ὤμων
1344 833 1456 908 LXX).
1494 834 1544 893 fa·

239 938 287 993 cili
309 935 436 1010 negotio
459 934 643 990 induebatur
665 942 696 988 et
719 934 945 1007 deponebatur,
979 951 1050 990 nam
1081 932 1111 989 11
1127 934 1151 990 B
1169 936 1207 992 27
1232 953 1300 992 cum
1321 935 1462 993 immolat
1488 954 1542 994 sa·

237 1037 358 1108 cardos,
393 1036 576 1109 cringatrum
609 1035 639 1089 in
674 1034 783 1089 dextro
808 1050 913 1089 umero
936 1034 1040 1100 habet,
1075 1035 1126 1090 nbi
1149 1035 1329 1104 immolavit,
1364 1037 1541 1094 libamento

238 1155 326 1196 sacro
348 1135 480 1210 inponit,
514 1151 585 1190 cum
606 1135 730 1208 porricit
752 1145 842 1211 exta,
874 1153 976 1192 rursus
1007 1136 1037 1192 in
1060 1137 1200 1193 dextrum
1229 1154 1367 1194 umerum
1389 1138 1541 1196 adsumit.

237 1240 356 1296 Romae
378 1237 430 1311 qui
452 1236 576 1293 moenia
599 1234 765 1292 lustrarunt
787 1236 845 1291 ritu
868 1235 993 1292 Gabino
1017 1236 1135 1294 cinctos
1158 1236 1251 1293 fuisse
1274 1237 1418 1296 Lucanus
1441 1239 1542 1296 docet

237 1340 251 1397 I
275 1342 346 1408 593,
378 1349 472 1415 togae
492 1346 596 1395 tamen
618 1336 678 1393 hoc
700 1337 801 1393 cinctu
825 1337 1015 1410 compositae
1039 1355 1107 1394 cum
1130 1339 1284 1412 cringatro
1307 1330 1542 1399 similitudinem

236 1443 327 1515 longe
352 1440 499 1497 minorem
523 1456 592 1495 esse
615 1439 757 1495 concedo
791 1456 882 1512 quam
912 1440 1009 1495 ricinii
1043 1456 1097 1495 aur
1120 1439 1233 1497 riculae
1256 1441 1430 1516 dequibus
1452 1441 1540 1501 Mar·

236 1543 385 1617 quardtus
409 1541 503 1613 antiq.
527 1537 554 1594 V
578 1541 605 1610 2,
622 1541 680 1598 179
705 1548 735 1595 et
758 1538 924 1595 Henzenus
947 1548 1006 1598 act.
1031 1540 1101 1596 Arv.
1124 1558 1155 1614 p.
1174 1542 1213 1599 38
1236 1551 1374 1616 egerunt.
1397 1554 1540 1601 ceterum

236 1643 342 1701 solitos
366 1658 435 1698 esse
459 1640 572 1697 amiciri
596 1649 715 1695 veteres
737 1657 829 1696 nemo
852 1640 952 1696 nescit
974 1641 1089 1696 dextris
1111 1641 1222 1698 umeris
1258 1644 1401 1713 exsertis,
1437 1644 1538 1702 festus

236 1745 285 1801 hic
303 1751 430 1800 ornatus
454 1758 516 1798 nou
539 1749 625 1797 tenet
641 1741 733 1797 vestis
755 1757 870 1797 morem
893 1741 1091 1798 cottidianae.
1130 1742 1161 1797 in
1184 1760 1254 1799 aere
1271 1745 1438 1801 vetustiore
1450 1746 1539 1820 virga

236 1865 298 1903 non
321 1851 561 1903 commemorata
582 1850 629 1898 est
654 1843 711 1899 sed
734 1850 851 1899 tantum
874 1842 1034 1914 scriptum:
1070 1862 1130 1898 eum
1162 1846 1340 1901 cenverteris
1366 1854 1397 1903 te
1419 1847 1454 1904 id
1484 1856 1539 1905 est

235 1948 361 2004 redieris
384 1945 423 2002 ab
446 1944 592 2017 auspicio,
627 1944 809 2016 erengelrum
833 1944 939 2015 capeto,
973 1949 1040 1999 lune
1063 1945 1158 2018 ignem
1193 1946 1333 2018 inponite.
1376 1940 1546 2006 adiectum*

234 2057 338 2105 autem
360 2055 408 2102 est
431 2045 476 2101 bis
498 2044 641 2100 extremis
664 2043 795 2099 ehle'mem
817 2043 902 2116 quod
936 2061 1005 2100 cum
1034 2062 1090 2118 pro
1114 2045 1237 2102 vasculo
1270 2056 1302 2104 et
1336 2048 1538 2122 receptaculo

236 2151 314 2225 ignis
337 2147 507 2213 habuerint,
530 2162 588 2218 ego
610 2162 671 2201 non
697 2145 864 2200 adsentior.
923 2145 996 2202 alias
1024 2146 1105 2202 euim
1139 2153 1267 2204 anienem
1302 2153 1427 2204 entenene
1462 2166 1537 2207 cum

236 2251 341 2307 dativo
363 2266 436 2305 casu
462 2247 646 2304 construitur
668 2243 729 2311 lese
752 2251 870 2300 ententu
893 2245 942 2303 lat.
967 2264 1040 2301 eree
1062 2247 1206 2321 enpem'te)
1230 2258 1282 2304 aut
1305 2266 1375 2305 cum
1398 2249 1535 2308 locativo

235 2350 292 2431 (ese
314 2360 345 2407 et
361 2349 434 2426 puse
455 2350 505 2407 lat.
530 2346 576 2403 ibi
593 2356 625 2402 et
647 2345 722 2418 ube'),
745 2363 846 2420 neque
869 2347 980 2403 eodem
1003 2356 1142 2421 tempore
1165 2349 1195 2404 iu
1218 2349 1328 2405 eadem
1355 2368 1387 2406 re
1410 2351 1536 2409 tertiam

237 2454 368 2511 valuisse
391 2459 572 2507 structuram
595 2449 689 2504 credo
724 2445 875 2520 (inponere
896 2449 926 2502 in
950 2449 1076 2521 aliquem
1099 2449 1213 2520 lecum).
1259 2467 1322 2507 nou
1355 2459 1441 2509 extat
1465 2454 1535 2526 qui·

237 2558 307 2612 dem
330 2555 360 2609 in
385 2553 480 2608 latino
503 2568 643 2607 sermone
666 2548 755 2605 elilim
778 2551 810 2606 id
833 2558 881 2606 est
904 2551 999 2629 nertin,
1034 2552 1090 2606 sed
1113 2568 1174 2624 qua
1203 2553 1402 2627 proportione
1434 2556 1536 2610 stanna

235 2659 277 2713 ad
299 2658 464 2714 stationem
488 2664 542 2711 aut
564 2664 686 2720 statum,
710 2672 747 2709 ea
768 2653 842 2708 illud
865 2670 933 2708 esse
957 2653 997 2709 ad
1020 2653 1173 2709 actionem
1196 2662 1250 2708 aut
1272 2663 1376 2711 actum
1399 2655 1536 2727 videtur,

236 2759 319 2816 actio
342 2766 445 2814 autem
469 2758 498 2813 iu
522 2757 580 2812 hoc
608 2773 705 2812 rerum
735 2764 881 2811 contextu
904 2755 945 2810 ad
968 2754 1161 2828 procuranda
1193 2772 1297 2828 sacra,
1330 2757 1371 2813 ad
1403 2757 1536 2830 agonias

236 2869 267 2915 et
290 2878 364 2914 eenn
386 2859 523 2916 attinere.
569 2875 663 2930 quare
687 2857 815 2912 elidentem
837 2857 876 2911 ab
900 2874 1024 2911 esonome
1055 2874 1116 2912 nou
1150 2856 1237 2912 aliter
1258 2856 1379 2913 differre
1402 2856 1537 2915 arbitror

234 2977 326 3034 quam
349 2968 467 3034 partem
490 2978 508 3015 a
530 2967 607 3025 toto,
642 2957 884 3014 immolationem
906 2974 923 3010 a
947 2975 978 3011 re
1002 2958 1112 3015 divina.
1151 2958 1206 3030 pir
1237 2957 1368 3013 aletrinae
1404 2964 1535 3018 entenem

233 3080 332 3135 paene
354 3063 437 3118 idem
460 3060 613 3133 estquod
638 3059 772 3115 foculum
805 3059 846 3112 ael
880 3057 1059 3115 sacrificium
1081 3059 1269 3126 accendere,
1304 3058 1534 3120 11123et28

234 3164 317 3238 quod
340 3171 502 3238 precantur
524 3179 579 3235 pro
596 3160 736 3218 fratribus
754 3160 884 3214 Atiediis
907 3159 1034 3231 elle'sper
1057 3159 1214 3214 ee'l‘mrsete's
1237 3177 1290 3233 pro
1314 3161 1436 3217 civitate
1458 3160 1535 3235 Igu·

234 3268 302 3322 viua
325 3281 379 3338 pro
403 3263 479 3319 tribu
504 3261 641 3334 iguvina,
677 3260 773 3316 altero
807 3261 932 3316 nomine
963 3277 1050 3317 sacra
1082 3261 1239 3317 sollemnia
1263 3260 1536 3334 comprehendunt

234 3367 343 3440 quibus
365 3381 513 3439 pagorum
536 3372 567 3417 et
591 3363 796 3418 communium
820 3363 864 3417 vel
893 3361 931 3416 ab
954 3361 1037 3417 ltalis
1062 3362 1280 3435 antiquissimis
1304 3363 1351 3418 vel
1374 3363 1403 3419 in
1426 3363 1534 3419 novis-

233 3467 315 3523 simis
338 3466 547 3522 Romauorum
570 3463 732 3536 provinciis
755 3479 815 3535 pax
839 3471 870 3518 et
893 3462 1059 3518 concordia
1082 3463 1250 3518 constituta
1275 3481 1311 3518 ac
1331 3462 1448 3519 firmata
1469 3473 1532 3525 est.

333 3569 374 3624 bt)
387 3565 508 3644 feretur
530 3564 614 3637 quod
637 3564 734 3638 posui,
758 3563 905 3618 orationis
929 3563 1041 3620 latinae
1057 3563 1175 3636 legibus
1191 3563 1288 3636 magis
1309 3581 1425 3621 morem
1444 3568 1533 3638 gessi

233 3685 325 3743 (ruam
348 3667 509 3739 analogiae
532 3665 694 3722 ambricae.
728 3663 824 3741 serer
847 3665 927 3721 euim
950 3682 1056 3720 vereor
1085 3672 1118 3720 ut
1150 3666 1240 3721 eximi
1275 3665 1373 3739 possit
1405 3683 1442 3721 ex
1472 3684 1533 3741 po-

232 3778 346 3825 testate
368 3767 451 3824 modi
474 3767 669 3825 coniunctivi.
707 3784 743 3822 ac
766 3767 879 3841 passivi
901 3767 1024 3840 quidem
1046 3767 1167 3841 generis
1191 3765 1319 3823 formam
1341 3779 1372 3822 et
1394 3765 1531 3825 rfinalis
1615 3784 1620 3794 ·

233 3870 332 3944 arguit
353 3878 384 3925 et
406 3869 472 3942 ipsa
494 3868 619 3941 requirit
641 3869 805 3925 sententia.
851 3887 920 3925 nam
951 3869 1022 3942 quia
1059 3868 1251 3942 singulariter
1282 3868 1306 3924 is
1330 3887 1348 3924 a
1372 3883 1433 3940 quo
1457 3866 1531 3926 ferri

233 3980 313 4029 testu
337 3971 414 4044 ignis
430 3971 555 4044 plenum
571 3979 703 4044 oportet,
726 3979 797 4043 post
815 3971 939 4026 demum
957 3971 1080 4026 adnexo
1095 3969 1230 4025 membro
1248 3969 1422 4037 denotatur,
1445 3986 1531 4027 nunc
1575 3949 1582 3960 ⁶

232 4080 333 4129 actum
357 4070 475 4127 serendi
507 4073 698 4145 pronuntiari
727 4088 856 4127 necesse
881 4080 927 4126 est
949 4080 1001 4127 aut
1024 4070 1195 4145 pluralitate
1217 4069 1339 4142 generis
1360 4069 1450 4125 activi
1474 4079 1530 4127 aut

232 4174 354 4247 passivo
377 4189 500 4245 genere.
545 4174 629 4247 atqui
653 4172 772 4247 pluralis
795 4174 826 4228 in
849 4172 949 4227 active
966 4171 1057 4226 verbo
1080 4171 1179 4227 nullus
1197 4171 1227 4226 in
1249 4189 1267 4226 r
1289 4170 1411 4238 desinit,
1434 4169 1531 4243 signi·

231 4272 381 4331 litationis
404 4273 495 4345 igitur
516 4273 612 4351 seror
634 4275 774 4348 passivae
798 4281 853 4333 est.
899 4290 957 4328 nec
979 4281 1084 4346 potest
1118 4289 1180 4328 non
1215 4272 1310 4327 videri
1342 4270 1531 4353 coniunctivi
1600 4262 1603 4267 ’

232 4373 338 4442 forma,
360 4376 431 4449 quia
451 4384 483 4431 et
508 4376 607 4432 latinis
631 4375 773 4448 escisque
797 4374 943 4430 simillima
966 4382 1013 4429 est
1033 4372 1078 4430 his
1091 4373 1217 4451 senetur
1232 4381 1263 4428 et
1280 4372 1408 4437 lemelir,
1430 4374 1530 4431 modo

231 4475 385 4533 subtracta
418 4484 574 4532 extremae
610 4476 745 4550 syllabae
779 4475 875 4532 vocali
898 4475 1030 4534 Vmbros
1054 4475 1147 4531 etiam
1170 4481 1182 4530 t
1209 4482 1281 4529 ante
1303 4493 1322 4529 r
1353 4473 1530 4547 perdidisse

229 4585 362 4650 reputes
386 4587 416 4634 et
437 4578 469 4634 iu
491 4578 626 4634 umbrica
644 4578 874 4650 coniugatione,
898 4578 922 4632 si
945 4597 963 4632 r
979 4576 1159 4651 dempseris
1182 4584 1334 4632 consonat
1349 4573 1530 4648 planissime

230 4679 440 4735 coniunctivus
475 4680 564 4736 activi
589 4676 665 4753 sere
700 4679 761 4749 (lat,
779 4679 869 4756 feret
901 4697 973 4736 osce
998 4675 1071 4753 ed).
1116 4689 1148 4734 at
1173 4679 1303 4735 luterum
1327 4675 1474 4748 quoniam
1497 4678 1529 4735 in
