3742 5364
544 941 934 1017 INSCRIPTIONES
959 941 1191 1015 MINORES

861 1172 876 1228 l

370 1322 456 1385 ager
500 1321 598 1383 emps
641 1312 677 1365 et
1043 1324 1118 1380 ager
1181 1318 1302 1383 emptus
1366 1319 1401 1367 et

395 1416 549 1467 termnas
592 1403 654 1465 oht
1072 1409 1251 1466 terminatus
1279 1418 1362 1469 auct.

241 1508 277 1573 C.
301 1507 344 1571 V.
367 1503 514 1568 Vistinie
546 1502 628 1567 Ner.
650 1503 690 1568 T.
712 1503 808 1566 Babr
924 1509 958 1568 C.
974 1509 1097 1567 Vistinii
1120 1510 1158 1567 V.
1175 1511 1194 1570 s.
1227 1510 1298 1571 Ner.
1314 1511 1419 1569 Babrii
1436 1512 1475 1572 T.
1497 1512 1520 1574 f.

424 1604 618 1673 maronatei
1136 1621 1299 1670 maronatu

319 1708 416 1773 Vois,
439 1708 520 1770 Ner.
541 1704 727 1787 Propartie
862 1729 875 1766 a
1023 1711 1108 1770 Veis,
1132 1711 1280 1789 Propertii
1303 1712 1374 1778 Ner.
1396 1713 1418 1773 f.

366 1809 406 1870 T.
426 1807 469 1870 V.
490 1806 676 1870 Voisiener
1072 1812 1109 1872 T.
1133 1810 1273 1871 Voisieni
1292 1814 1330 1875 V.
1354 1814 1375 1873 f.

413 1928 512 1973 sacre
535 1908 636 1971 stahu
1124 1932 1243 1974 sacmm
1266 1923 1315 1974 sto

327 2136 423 2192 prope
448 2116 582 2175 Asisium
604 2116 747 2174 inventus
769 2117 845 2191 lapis
871 2117 1051 2192 quadratus,
1074 2119 1105 2175 in
1127 2137 1268 2176 museum
1290 2119 1403 2178 inlatus
1430 2118 1533 2177 Peru·

229 2220 338 2280 sinum.
375 2219 538 2293 inscriptus
561 2227 609 2275 ost
631 2218 733 2275 latinis
755 2218 861 2275 litteris
885 2218 941 2275 sub
958 2228 1089 2295 tompus,
1114 2227 1147 2277 ut
1162 2220 1280 2295 opinor,
1305 2220 1375 2278 belli
1390 2220 1533 2281 Marsici.

230 2329 370 2396 ectypam
393 2319 556 2393 imaginem
571 2304 590 2374 a
604 2318 798 2377 Mommscno
821 2319 935 2377 saetam
951 2321 1151 2396 designarunt
1167 2322 1348 2380 Ausrcchtus
1368 2330 1400 2379 et
1415 2322 1534 2380 Kirch·

229 2422 343 2479 hosfius
365 2423 426 2480 tab.
452 2422 507 2480 9b.
530 2419 637 2477 confer
659 2419 779 2477 titulum
802 2439 820 2476 a
843 2420 958 2478 Smetio
981 2422 1172 2497 descriptum
1195 2423 1287 2480 Asisii
1309 2422 1411 2483 C1L.1
1428 2426 1532 2483 1412:

231 2524 305 2581 Post.
330 2522 485 2579 rilr'raesius
518 2520 547 2582 C.
567 2517 601 2598 s.
628 2521 660 2581 T.
685 2520 840 2578 lilz'rnesr'us
872 2519 948 2582 Seri.
966 2521 1006 2600 f.
1023 2522 1097 2582 Ner.
1130 2522 1254 2598 Copidas
1281 2523 1310 2582 C.
1331 2521 1362 2602 f.
1395 2520 1535 2602 Rufius)

230 2623 302 2682 Ner.
328 2621 465 2679 Babrr'us
490 2622 522 2683 T.
532 2622 565 2702 s
595 2621 625 2680 C.
654 2621 782 2696 Capidas
811 2622 844 2683 T.
859 2622 893 2703 s.
921 2621 949 2683 C.
975 2643 1002 2684 n.
1036 2623 1063 2683 V.
1097 2623 1248 2681 Valsienas
1279 2625 1311 2686 T.
1327 2622 1362 2702 s.
1394 2644 1536 2685 maranes

231 2743 344 2781 murum
368 2723 405 2781 ab
418 2721 543 2801 saraiae
565 2725 608 2779 ad
627 2724 735 2780 cr'rcura
761 2730 788 2780 et
804 2722 955 2803 fornicem
978 2724 1158 2799 cisternamq.
1182 2719 1243 2803 d(e)
1274 2721 1418 2803 s(enalus)
1449 2726 1535 2803 s(ea-

231 2821 334 2901 lenlz'a)
348 2825 530 2904 faciundam
551 2816 701 2882 car'raaare
728 2825 845 2901 inquo
878 2844 932 2882 sex
963 2842 1107 2884 marones
1139 2826 1289 2901 praefecti
1321 2834 1392 2885 sunt
1418 2829 1537 2887 maiori

232 2927 318 3001 operi
340 2927 462 3002 publico
486 2935 540 2984 aut
561 2926 705 3002 pluribus,
1380 2934 1383 2939 '

332 3033 349 3088 2
374 3014 436 3090 aar.
456 3030 487 3087 in
509 3030 639 3106 Iguvino
663 3047 733 3088 aere
757 3029 827 3087 VA
851 3028 981 3087 alatretz‘e.
1010 3029 1040 3086 hi
1061 3030 1125 3086 duo
1148 3029 1201 3086 viri
1223 3038 1258 3088 ut
1278 3039 1431 3087 emeretur
1454 3049 1538 3106 ager

233 3142 264 3189 et
287 3132 500 3190 terminaretur
523 3133 676 3203 dixerant,
706 3150 785 3207 opus
806 3131 870 3188 fieri
899 3132 1052 3189 iusserant
1073 3150 1128 3206 pro
1150 3131 1289 3208 imperio.
1322 3130 1451 3188 Babrius
1474 3151 1538 3207 po·

232 3241 294 3290 test
317 3251 385 3290 esse
408 3233 490 3291 idem
513 3234 565 3311 qui
586 3233 618 3290 in
639 3233 735 3291 latino
759 3233 847 3290 titulo
876 3233 955 3290 inter
981 3250 1125 3290 marones
1153 3233 1292 3302 refertur,
1318 3232 1349 3289 in
1374 3231 1435 3289 hoc
1461 3240 1539 3290 tan-

233 3351 325 3409 quam
348 3335 464 3404 consui,
487 3335 518 3392 in
540 3335 589 3392 illo
610 3343 733 3393 curator
756 3334 933 3394 consularis
964 3333 1008 3391 sic
1028 3334 1146 3391 Romae
1169 3334 1289 3391 termini
1311 3340 1467 3409 ponuntur
1493 3352 1539 3392 ex

234 3436 405 3492 auctaretate
425 3436 617 3513 imperatoris
639 3442 759 3493 curante
781 3436 841 3494 hoc
865 3444 919 3494 aut
940 3435 999 3493 illo.
1467 3436 1471 3444 ’
1513 3426 1517 3432 ’

333 3539 353 3596 4
376 3538 543 3595 maranala'
560 3537 619 3595 abl.
637 3536 714 3612 sing.
735 3544 769 3592 ut
792 3536 952 3610 adpatrali,
966 3531 1144 3612 sralrecate.
1171 3534 1202 3592 hi
1217 3534 1302 3592 IIviri
1315 3533 1452 3591 emendo
1470 3541 1539 3592 ter·

234 3638 445 3714 minandoque
461 3657 535 3714 agro
550 3638 682 3706 suerunt,
706 3655 785 3712 opus
804 3636 982 3695 faciundum
998 3644 1151 3694 curarunt.
1175 3635 1207 3692 id
1224 3635 1370 3694 curatoris
1387 3633 1452 3692 sive
1466 3653 1539 3694 ma·

235 3741 381 3815 gistratus
403 3740 584 3799 vocabulum
606 3758 769 3799 commune
792 3737 913 3796 Vmbris
938 3746 969 3794 et
992 3737 1102 3795 Tuscis
1126 3730 1226 3807 (maru
1243 3755 1349 3794 marna
1369 3737 1539 3795 marunuch

236 3841 435 3899 maranuchaa
456 3843 488 3900 in
508 3843 600 3901 titulis
623 3861 685 3900 non
707 3841 812 3918 paucis
835 3841 968 3898 obscura
988 3838 1112 3914 quidem
1137 3837 1292 3895 declinata
1316 3838 1362 3894 vel
1384 3845 1539 3898 contextu

237 3944 292 4000 sed
307 3951 342 4000 ut
357 3953 441 4002 certa
457 3944 496 4002 sit
510 3962 548 4001 ea
564 3963 656 4021 quam
672 3944 734 4001 dixi
750 3941 902 4001 sententia
922 3942 951 3998 in
968 3935 1084 4016 primis)
1100 3947 1131 3996 et
1147 3939 1242 3996 Gallis
1256 3933 1419 4016 (Vergilius
1431 3938 1538 4011 Maro,

237 4045 404 4103 Mercurius
426 4046 583 4116 Maruuus,
604 4047 709 4104 medio
738 4064 816 4102 aevo
839 4045 869 4101 in
895 4043 1025 4119 Alpibus
1049 4060 1182 4098 maranes
1205 4041 1393 4114 appellantur
1414 4040 1539 4099 viarum

231 4155 521 4222 praemonstratam,
545 4150 596 4224 al.)
619 4166 682 4205 non
704 4148 824 4204 videtur
846 4144 1023 4222 pervenisse
1046 4153 1130 4201 trans
1152 4141 1267 4200 Narem
1293 4149 1325 4200 et
1348 4143 1497 4204 Tiberim.

338 4252 356 4310 5
379 4249 417 4309 cf.
440 4249 509 4308 Sex.
531 4249 670 4324 Properti
692 4247 920 4316 e1.1vl,125.
953 4245 1118 4303 Voisienus
1140 4252 1244 4319 potest
1266 4251 1353 4318 pater
1375 4261 1445 4301 esse
1459 4242 1540 4303 Vol·

239 4351 315 4415 sieni
338 4352 402 4408 sive
423 4351 561 4408 Voisieni
584 4351 648 4409 eius
672 4351 722 4425 qui
745 4367 813 4407 cum
837 4348 948 4404 Babrio
971 4364 1057 4404 maro
1079 4347 1180 4405 sactus
1204 4353 1253 4403 est
1276 4345 1345 4402 loco
1364 4353 1539 4421 postremo.

340 4456 357 4512 7
380 4461 456 4510 nota
477 4461 548 4509 sunt
569 4453 618 4510 illa
636 4471 718 4508 sacer
741 4457 782 4508 est
800 4451 877 4508 lacus
899 4446 1096 4525 (Calpurnius
1115 4450 1144 4516 2,
1161 4449 1200 4507 55
1223 4446 1345 4504 Persius
1362 4443 1482 4522 1,113)
1506 4458 1542 4507 et

240 4554 353 4627 lapides
367 4552 522 4632 prosatici,
546 4555 624 4610 iratas
645 4571 759 4610 sacrum
779 4551 870 4628 (CIL.
887 4552 900 4608 Ι
916 4547 1019 4624 1115).
1042 4549 1179 4607 similiter
1190 4548 1221 4604 in
1236 4546 1325 4606 Oscis
1346 4565 1394 4604 res
1417 4565 1542 4621 sacrae,

240 4654 327 4730 signa
348 4655 459 4711 slahinl
477 4654 510 4712 id
533 4663 580 4712 est
604 4661 719 4712 statuta
742 4662 820 4714 sunt.
