3742 5364
134 505 179 566 tir
199 502 298 578 fasi0,
322 503 401 569 ficla
423 507 589 570 arsveitu.
644 516 766 570 suront

77 618 115 670 45
137 615 271 677 narratu,
295 625 383 686 puse
405 607 540 670 verisco
557 608 765 681 Trebianir.l

179 705 360 769 Vocucom
385 706 552 769 Coredier
575 707 661 771 vitlu
684 719 764 772 toru

135 806 199 869 trif
217 806 299 872 fetu.
343 808 471 869 Honde
492 787 584 876 Serfi
606 810 677 874 fetu
701 832 763 894 po·

135 907 263 989 pluper
299 916 393 968 totar
425 906 588 984 Iiovinar‚
626 921 764 995 totaper

136 1008 281 1071 Iiovina.
314 1016 421 1069 vatuo
452 1007 562 1074 ferine
595 1011 678 1087 fetu,
712 1036 763 1077 ar·

134 1110 193 1172 vio
215 1108 219 1191 Ι
239 1108 322 1183 fetu,
355 1109 430 1172 heri
453 1111 544 1184 vinu,
576 1115 651 1177 heri
681 1115 764 1197 poni

135 1209 220 1287 fetu,
244 1220 339 1273 tases
361 1211 764 1294 persnimu.,prosesetir

134 1312 258 1393 tesedi,
302 1309 381 1374 ficla
425 1313 587 1377 arsveitu.
643 1327 764 1377 suront

135 1425 269 1486 naratu‚
302 1432 390 1494 puse
413 1412 547 1476 verisco
569 1414 762 1481 Trebianir.

179 1513 254 1576 Eno
278 1533 361 1576 ocor
381 1516 386 1592 l
406 1515 509 1596 pihos
532 1513 612 1577 fust.
652 1537 762 1598 svepo

135 1634 255 1678 esome
272 1633 381 1677 esono
398 1618 507 1680 ander
522 1636 651 1680 vacose
663 1638 763 1680 vase·

134 1727 231 1778 tome
253 1715 333 1791 fust,
357 1716 433 1780 avif
450 1718 612 1797 aseriatu,
642 1719 762 1783 verofe

136 1817 314 1880 Trebiano
337 1829 494 1892 covertu‚
527 1830 621 1884 reste
653 1841 761 1884 esono

71 1935 113 1986 48
133 1916 253 1997 feitu.l

816 511 955 584 farreum,
978 513 1093 570 fitillam
1116 513 1234 572 addito
1268 513 1342 568 item
1369 529 1438 568 nar·

815 624 881 669 rato
905 620 939 668 ut
962 613 1003 669 ad
1026 620 1146 688 portam
1168 608 1387 680 Treblanam.i
1454 620 1489 672 lo

857 713 908 768 Ad
931 714 1043 769 aedem
1056 711 1180 770 Coredii
1203 713 1314 770 vitulos
1333 722 1437 770 tauros

816 813 869 870 tris
892 813 995 872 facito
1018 814 1125 871 Honto
1144 813 1243 872 Cerfio
1266 814 1359 871 facito
1381 831 1437 888 pro

815 915 930 990 populo
963 916 1044 972 urbis
1078 915 1235 991 Iguvinae,
1271 933 1327 991 pro
1363 914 1437 971 urbe

815 1015 951 1089 Iguvina.
995 1026 1087 1074 vatua
1112 1017 1227 1074 serione
1254 1002 1358 1081 facim,
1390 1031 1437 1072 ar·

816 1117 863 1173 via
883 1110 887 1193 Ι
908 1116 1011 1188 facito,
1042 1117 1089 1174 vel
1112 1119 1181 1174 vino
1205 1117 1252 1173 vel
1275 1133 1371 1190 posca
1393 1115 1438 1172 fa·

815 1217 891 1285 cito,
934 1219 1045 1276 tacitus
1085 1225 1237 1292 precator.
1287 1217 1436 1290 prosectis

815 1319 987 1386 tensedem‚
1004 1316 1119 1375 fitillam
1143 1319 1260 1378 addito,
1283 1317 1357 1374 item
1369 1335 1436 1374 nar·

814 1428 881 1475 rato
924 1427 957 1476 ut
1000 1419 1042 1474 ad
1084 1427 1204 1493 portam
1241 1417 1436 1478 Treblanam.

857 1519 938 1576 Tum
970 1504 1022 1575 arx
1042 1519 1047 1594 1
1066 1521 1151 1595 piata
1188 1520 1253 1578 erit.
1309 1519 1372 1575 sive
1405 1517 1437 1574 in

814 1621 874 1677 hoc
896 1620 1078 1678 sacrificium
1104 1620 1329 1678 intermissione
1352 1620 1437 1677 vitia·

814 1730 879 1778 tum
891 1723 957 1790 erit,
981 1738 1053 1778 aves
1068 1722 1243 1791 observato,
1259 1722 1300 1778 ad
1316 1729 1438 1797 portam

814 1823 1002 1880 Treblanam
1046 1824 1205 1893 revertito,
1257 1822 1436 1881 sacrificium

812 1924 993 1984 instaurato.
1013 1923 1019 1990 Ι
1453 1930 1488 1981 48

178 2123 278 2186 Pone
293 2125 401 2206 poplo
423 2125 520 2187 afero
541 2125 667 2199 henes,
690 2125 765 2188 avii
855 2124 933 2183 Cum
961 2128 1109 2203 populum
1129 2124 1320 2183 circumferre
1343 2125 1435 2194 volet,
1483 2176 1485 2179 .

134 2225 286 2287 aseriato
326 2236 393 2291 etu.
445 2245 568 2289 sururo
607 2226 759 2308 stiplatu,

132 2325 212 2406 pusi
249 2346 349 2389 ocrer
391 2327 545 2409 pihaner.
597 2336 760 2390 sururont

134 2425 343 2492 combifiatu.
368 2428 497 2490 eriront
517 2429 659 2490 tuderus
676 2426 760 2509 avifl

135 2527 251 2592 seritu.
273 2548 339 2609 ape
356 2529 460 2611 angla
476 2528 758 2603 combifiansiust,

134 2649 241 2710 perca
296 2631 495 2694 arsmatiam
551 2631 758 2696 anovihimu

135 2732 313 2813 cringatro
344 2734 438 2808 hato,
476 2735 652 2795 destrame
685 2753 757 2795 sca-

134 2832 194 2912 pla
231 2834 438 2897 anovihimu.
497 2833 550 2914 pir
588 2834 758 2898 endendu.

72 2956 115 3008 50
133 2935 251 3014 pones
274 2955 439 2997 esonome
461 2935 563 3008 ferar,
595 2934 679 3016 pufe
705 2936 759 3017 pir

135 3033 294 3108 entelust,
333 3055 392 3098 ere
426 3034 517 3097 fertu
553 3055 620 3116 poe
653 3055 760 3116 perca

134 3135 335 3197 arsmatiam
356 3136 502 3202 habiest.
538 3136 673 3200 erihont
695 3157 758 3199 aso

135 3240 252 3301 destre
272 3256 356 3301 onse
379 3236 479 3300 fertu.
504 3258 642 3301 erucom
667 3238 757 3319 prin-

134 3351 236 3402 vatur
260 3338 343 3421 duri
364 3349 471 3410 etuto‚
503 3359 611 3421 perca
632 3340 758 3420 ponisi-

135 3449 210 3504 ater
238 3440 408 3503 habituto
456 3431 580 3504 ennom
616 3442 759 3522 stiplatu

133 3541 234 3624 paria
256 3543 366 3606 desua
389 3564 478 3619 se50,
514 3551 588 3606 tote
617 3542 757 3608 Iiovine.

134 3653 296 3706 sururont
309 3643 509 3707 combifiatu
523 3643 650 3725 uapeie
666 3646 758 3708 avie-

134 3743 195 3807 clu.
222 3741 316 3825 neipl
335 3746 500 3818 amboltu‚
525 3765 637 3826 prepa
649 3747 759 3808 desua

134 3839 356 3907 combifiansi.
391 3865 457 3926 ape
485 3848 594 3908 desua
627 3848 756 3910 combi-

132 3942 297 4018 fiansiust,
332 3945 388 4008 via
424 3947 558 4009 aviecla
592 3968 757 4010 esonome

134 4054 229 4107 etuto
252 4066 329 4109 com
350 4048 505 4128 peracris
530 4050 646 4113 sacris.
690 4068 757 4130 ape

76 4161 114 4213 53
132 4147 351 4211 acesoniame
384 4146 387 4230 l
418 4148 583 4213 hebetafe
619 4152 755 4221 benust

133 4266 234 4308 enom
268 4259 448 4313 termnuco
472 4252 649 4314 stahituto
696 4254 756 4333 poi

132 4367 272 4429 peream
296 4352 461 4414 arsmatia
482 4353 630 4428 habiest,
666 4364 755 4417 etur-

229 4572 301 4622 AES
340 4571 375 4624 45
393 4573 505 4624 iiovinar
523 4583 600 4625 vatue

202 4660 236 4712 50
255 4661 380 4710 esonoml'
394 4661 456 4710 ffrar
474 4672 524 4714 aut
542 4664 610 4713 esrar

758 4575 793 4626 46
813 4574 985 4626 ficlmrsveitu

719 4661 749 4715 51
771 4663 879 4730 ponisia
900 4672 939 4714 ter

813 2228 876 2285 avis
899 2228 1095 2286 observatum
1117 2229 1170 2285 ito.
1212 2227 1319 2284 itidem
1341 2227 1435 2303 stipu-

812 2329 890 2386 lator
912 2330 999 2403 quasi
1030 2329 1108 2386 arcis
1139 2329 1282 2404 piandae.
1328 2327 1435 2385 itidem

810 2430 968 2486 mandato.
1034 2430 1151 2486 eisdem
1192 2429 1302 2486 finibus
1344 2422 1436 2506 avisi

813 2538 943 2589 servato,
995 2530 1046 2587 ubi
1078 2531 1198 2588 oscines
1232 2529 1434 2596 mandaverit,

811 2632 926 2706 virgam
977 2632 1203 2706 imperatoriam
1255 2630 1434 2690 induiminO.

811 2733 945 2789 cinctum
989 2732 1101 2808 capit0,
1144 2732 1176 2787 in
1213 2732 1354 2788 dextrum
1392 2731 1435 2788 la·

812 2842 858 2889 tus
891 2833 1071 2891 induimino.
1136 2833 1239 2907 ignem
1275 2833 1434 2907 imponito

811 2931 928 3002 cumiin
941 2951 1005 2995 rem
1016 2934 1150 2990 divinam
1158 2932 1280 2999 leretur,
1291 2933 1322 2990 id
1332 2934 1363 2989 in
1372 2951 1433 3008 quo
1452 2937 1484 2989 50

809 3036 912 3109 ignem
923 3035 1111 3109 imposuerit,
1128 3034 1152 3090 is
1169 3033 1247 3089 ferto
1258 3035 1309 3107 qui
1320 3034 1434 3109 virgam

809 3137 1036 3211 imperatoriam
1058 3134 1191 3194 habebit.
1225 3134 1310 3191 idem
1332 3151 1433 3192 arsum

810 3239 840 3295 in
848 3239 958 3295 dextro
971 3255 1075 3294 umero
1089 3238 1177 3296 ferto.
1201 3254 1270 3294 cum
1281 3254 1319 3294 eo
1331 3237 1433 3311 prino·

810 3341 871 3398 vati
904 3341 968 3397 duo
987 3334 991 3417 i
1012 3350 1117 3408 eunio,
1154 3341 1269 3415 virgam
1291 3339 1432 3397 calatoris

810 3441 957 3500 habente.
1015 3450 1078 3498 tum
1114 3443 1276 3519 stipulator
1312 3461 1433 3518 parram

809 3561 987 3618 prosperam
1023 3543 1090 3611 sibi,
1130 3543 1244 3600 civitati
1276 3542 1431 3617 Iguvinae.

808 3645 916 3701 itidem
935 3645 1084 3702 mandato
1101 3645 1131 3700 in
1155 3644 1247 3701 sellas
1260 3645 1431 3720 augurales

808 3763 885 3802 neve
896 3739 900 3823 l
911 3746 1079 3814 ambulato‚
1106 3746 1284 3820 priusquam
1306 3765 1432 3821 prospe·

808 3865 873 3904 ram
882 3845 1082 3902 mandaverit.
1097 3847 1147 3902 ubi
1158 3863 1339 3921 prosperam
1345 3865 1432 3905 man·

808 3947 935 4016 daverit,
968 3948 1015 4002 via
1044 3946 1180 4019 augurali
1210 3945 1241 4003 iu
1270 3966 1335 4004 rem
1357 3947 1432 4004 divi·

808 4067 879 4105 nam
902 4055 996 4104 eunto
1020 4065 1089 4103 cum
1111 4047 1220 4120 opimis
1243 4048 1346 4106 sacris.
1380 4045 1432 4103 ubi

807 4151 838 4205 in
860 4149 1055 4222 Aquiloniam
1075 4141 1078 4226 l
1099 4149 1140 4204 acl
1173 4146 1272 4204 exitus
1304 4148 1431 4217 venerit,
1449 4155 1483 4205 53

808 4260 873 4307 tum
895 4254 937 4309 ad
961 4253 1122 4308 terminum
1145 4259 1258 4309 stanto.
1301 4249 1353 4323 qui
1375 4250 1432 4306 vir·

807 4372 878 4427 gam
911 4355 1138 4430 imperatoriam
1168 4352 1304 4419 habebit,
1332 4359 1434 4410 exter·

1137 4573 1171 4624 49
1193 4574 1281 4623 (lestra
1301 4573 1446 4637 mescapla
