3742 5364
699 346 756 404 151
1310 350 1380 411 1113

72 531 243 606 adoptant,
265 528 317 604 qui
339 530 443 588 statim
470 546 582 587 munus
607 546 776 604 capessens
806 539 917 588 voveat
946 548 1037 590 ovem
1067 541 1231 610 votumque
1253 541 1379 610 mactet,

72 649 144 688 non
167 632 208 688 ad
228 648 342 688 annum
365 649 437 688 eum
460 630 674 704 magistratum
697 635 803 688 creant
819 630 866 687 cui
881 648 995 688 nomen
1018 633 1073 690 fuit
1095 634 1218 693 fratrex.
1257 644 1379 710 tempus

73 730 167 788 huius
190 731 328 789 sacrificii
349 749 446 806 prope
471 731 554 787 idern
576 731 671 806 iguvii
695 741 726 788 et
742 731 861 788 Romae
884 716 978 789 fuisse
1002 735 1138 794 arbitror.
1168 754 1240 792 nam
1256 745 1379 795 sextan-

75 833 178 891 tariae
200 833 340 890 umariae
364 833 450 907 quod
473 833 515 890 ad
536 833 687 906 plenarias
709 832 740 888 iu
757 831 862 890 tabula
878 831 906 886 V
921 844 1177 893 commemoratas
1194 854 1264 893 eam
1287 837 1380 895 ratio·

74 950 151 989 nem
175 933 290 990 habent
311 951 403 1009 quam
426 941 551 990 sextans
571 934 613 990 ad
630 949 742 1001 assem,
765 950 867 991 assem
889 943 994 991 autem
1013 936 1140 1010 eiusque
1161 946 1265 1011 partes
1280 955 1379 994 annus

75 1043 196 1107 aequat
218 1034 331 1091 divisus
353 1034 383 1089 in
408 1034 574 1090 duodecim
590 1050 723 1101 menses
747 1033 891 1090 bimestre
907 1035 1050 1092 videntur
1064 1039 1149 1112 quod
1167 1038 1198 1093 in
1218 1054 1301 1094 anno
1320 1037 1380 1112 pri·

74 1151 163 1189 mum
183 1133 274 1191 fuerit
295 1134 428 1208 spatium
451 1134 622 1208 significare
645 1150 747 1208 posse,
770 1135 921 1192 mensium
944 1137 1026 1193 enim
1042 1138 1083 1194 ad
1099 1136 1309 1195 definiendum
1330 1157 1379 1196 sa-

74 1251 201 1291 crorum
224 1244 343 1309 tempus
375 1234 457 1292 facta
479 1243 527 1292 est
554 1235 671 1291 mentio
704 1234 735 1291 II
757 1235 784 1291 A
810 1237 848 1294 16
882 1242 1106 1294 anlermenzaru
1125 1221 1256 1295 lersiaru
1285 1249 1316 1296 et
1340 1243 1377 1299 17

74 1353 195 1392 menzne
216 1325 379 1396 kurllaslu.
423 1337 507 1412 quod
531 1337 556 1392 si
579 1335 686 1392 Vmbri
709 1345 773 1392 tum
796 1354 814 1392 a
835 1336 947 1395 Martio
976 1348 1010 1395 ut
1031 1339 1164 1396 Romani
1192 1349 1245 1398 aut
1266 1343 1305 1397 ab
1326 1359 1378 1398 ae·

74 1437 239 1510 quinoctio
262 1455 355 1494 verno
370 1455 496 1495 menses
512 1437 585 1494 anni
600 1446 808 1502 numerarunt,
832 1441 1040 1497 sextantariae
1058 1440 1105 1497 vel
1128 1440 1221 1498 leriae
1239 1444 1285 1499 vel
1301 1460 1378 1500 nun-

3 1576 9 1585 ·
74 1538 174 1595 dinae
196 1539 227 1595 in
247 1539 384 1613 Aprilem
406 1548 458 1596 aut
480 1523 596 1596 Maium
619 1539 769 1598 incidunt.

181 1641 200 1697 3
232 1639 342 1696 lunlalr
375 1641 454 1697 male
477 1658 531 1716 pro
554 1641 702 1697 adverbio
727 1639 914 1705 habuerunt,
936 1658 1009 1697 nam
1031 1651 1063 1698 et
1085 1642 1133 1698 hic
1156 1643 1217 1700 dici
1240 1644 1376 1719 oportuit

73 1741 156 1815 quid
170 1741 200 1797 in
216 1743 297 1798 aede
312 1743 441 1816 primum
456 1741 603 1815 piaretur,
627 1757 728 1814 neque
752 1741 783 1796 in
806 1758 894 1797 versu
909 1740 953 1796 IV
967 1742 1006 1799 32
1024 1742 1076 1798 ubi
1097 1741 1186 1799 huius
1203 1745 1246 1800 rei
1262 1745 1378 1801 mentio

73 1843 228 1917 repetitur
250 1851 321 1917 post
343 1850 390 1898 tot
412 1841 471 1898 alia
493 1841 567 1914 quid
590 1841 630 1896 sit
652 1841 684 1906 id
702 1841 787 1914 quod
809 1841 917 1915 piatur,
942 1841 1149 1915 intellegimus
1173 1844 1230 1900 nisi
1253 1845 1377 1902 adiecto
1479 1884 1480 1888 =

72 1944 213 2002 nomine.
258 1950 352 2016 atque
375 1941 467 1999 etiam
491 1943 569 1997 ordo
592 1941 753 1998 verborum
775 1957 890 1997 nomen
912 1941 972 1998 hoc
994 1958 1063 1998 esse
1087 1942 1287 2004 demonstrat.
1321 1945 1378 2003 fuit

74 2043 172 2119 igitur
194 2043 293 2102 neutri
313 2044 434 2117 generis
458 2051 491 2099 ut
513 2041 616 2115 luplalr
637 2060 662 2100 v.
677 2043 725 2109 14,
749 2042 839 2115 quale
861 2043 944 2116 apud
960 2042 1088 2100 Latinos
1112 2044 1227 2100 nullum
1245 2055 1292 2102 est
1309 2065 1379 2104 cum

76 2145 193 2215 duplex
216 2154 358 2201 neutrum
381 2161 504 2218 quoque
528 2142 671 2210 fecerint,
706 2143 763 2199 nisi
795 2142 892 2200 hallec
918 2145 1075 2220 exceperis
1110 2153 1164 2201 aut
1186 2156 1379 2221 amputatum

73 2245 153 2302 illud
177 2246 233 2314 lac,
252 2246 308 2302 sed
331 2245 369 2305 cf.
385 2246 492 2319 puteal
513 2245 675 2318 exemplar.
713 2243 879 2314 cohaerere
901 2263 1014 2302 nomen
1039 2263 1107 2302 cum
1129 2245 1230 2302 Hunle
1245 2255 1277 2304 et
1289 2247 1378 2304 Hun-

74 2347 134 2414 tia,
167 2364 235 2403 cum
259 2346 357 2402 londu
385 2348 471 2422 quod
500 2355 548 2402 est
577 2345 697 2402 lundito
725 2354 778 2402 aut
809 2346 911 2422 aliquo
937 2349 1032 2404 modo
1058 2348 1274 2421 pessumdato,
1308 2367 1378 2406 cum

75 2447 196 2505 lrondra
220 2457 251 2513 et
270 2448 415 2504 hondomu
433 2464 513 2522 quae
528 2447 606 2505 infra
622 2456 653 2503 et
670 2447 820 2504 intumum
836 2447 1016 2522 significant,
1040 2448 1112 2505 olim
1133 2448 1206 2513 dixi.
1239 2450 1298 2506 sed
1312 2467 1378 2506 are-

75 2567 131 2605 am
152 2559 204 2606 aut
226 2549 326 2606 solum
349 2550 436 2606 aedis
459 2549 545 2624 quod
568 2548 752 2606 eonomine
778 2549 926 2606 declarari
953 2550 1127 2624 suspicatus
1155 2567 1256 2619 eram,
1280 2552 1377 2607 erravi

75 2666 181 2706 errore
204 2651 348 2707 inductus
369 2667 474 2707 eorum
489 2650 541 2723 qui
564 2650 702 2707 ultimum
723 2652 880 2724 sequentis
897 2651 1019 2708 tabulae
1035 2668 1156 2708 versum
1170 2661 1374 2713 mutaverant.

76 2752 122 2807 ibi
142 2752 171 2807 in
195 2770 266 2809 aere
289 2753 434 2826 scriptum
457 2760 506 2807 est
519 2759 629 2824 punes,
662 2751 708 2808 his
736 2759 820 2809 vetat
848 2753 896 2809 lex
928 2752 1066 2808 adhiberi
1099 2752 1219 2810 bunlak.
1273 2755 1377 2828 itaque

78 2870 151 2910 eum
165 2862 246 2927 pune
266 2871 361 2928 posca
374 2851 422 2909 'sit
438 2853 484 2908 vel
501 2851 606 2926 κρᾶμα
628 2862 682 2909 aut
704 2861 787 2910 certe
810 2853 929 2910 calidae
945 2853 1112 2910 consimilis
1137 2854 1243 2927 liquor,
1267 2854 1377 2910 lzunlak

76 2955 112 3010 id
137 2933 197 3012 suit'
215 2972 274 3029 quo
297 2955 340 3010 uti
363 2954 505 3011 solebant
528 2954 606 3010 tales
629 2953 762 3028 liquores
795 2963 828 3010 ut
862 2953 1018 3011 haurirent
1039 2963 1184 3028 pararent
1205 2953 1377 3012 miscerent.

77 3056 169 3128 posui
193 3054 320 3120 fontem,
343 3056 427 3128 quod
450 3054 630 3111 vocabulum
664 3054 766 3111 Latini
793 3072 901 3111 omnes
934 3074 953 3111 a
984 3054 1144 3111 fundendo
1180 3056 1377 3129 repetierunt,

79 3173 143 3230 quo
166 3173 260 3230 saepe
281 3156 379 3230 ipsam
402 3172 527 3229 quoque
549 3171 662 3228 aquam
692 3154 957 3229 comprehendunt
992 3165 1024 3211 ut
1049 3154 1198 3229 Vergilius
1221 3173 1378 3213 sacrorum

79 3237 261 3332 apparatum
284 3257 462 3314 describens
496 3257 573 3312 Aen.
609 3256 669 3312 XII
700 3259 759 3315 119
795 3257 854 3313 alii
875 3255 1035 3330 fontemque
1063 3258 1214 3338 ignemque
1225 3256 1378 3336 ferebant,

79 3359 165 3415 cuius
187 3359 218 3415 in
240 3359 342 3416 locum
363 3367 474 3433 postea
497 3376 611 3415 nomen
632 3359 783 3416 successit
805 3358 963 3417 fontanae.
1001 3359 1117 3415 obicies
1142 3358 1272 3416 fortasse
1286 3359 1376 3437 sunl·

79 3459 141 3514 lere
157 3459 272 3528 1324,
296 3460 352 3516 hos
376 3477 447 3516 esse
470 3459 581 3525 fontes,
606 3464 676 3515 ulur
698 3458 729 3515 II
745 3459 769 3516 B
787 3462 825 3518 15
849 3461 933 3533 quod
956 3477 1012 3534 pro
1036 3477 1117 3534 aqua
1140 3460 1273 3533 ceperim
1294 3461 1376 3534 ipse:

79 3560 242 3616 considera
265 3569 368 3616 tamen
390 3570 531 3616 naturam
551 3577 587 3616 ac
610 3559 790 3616 varietatem
814 3559 952 3628 sontium,
974 3559 1070 3617 hortis
1091 3559 1258 3617 Columella
1277 3563 1378 3619 locum

78 3660 150 3733 eligi
174 3661 237 3718 volt
257 3661 308 3735 qui
331 3661 517 3718 adveniente
540 3661 603 3716 rivo
628 3661 675 3717 vel
698 3662 723 3718 si
746 3680 809 3718 non
832 3662 872 3718 sit
895 3661 991 3719 fluens
1016 3679 1112 3736 aqua,
1147 3661 1232 3718 fonte
1264 3664 1379 3737 puteali
1457 3678 1461 3685 ·

77 3762 178 3836 possit
200 3761 324 3837 irrigari,
349 3763 506 3836 docetque
529 3763 657 3836 quaudo
673 3763 870 3820 effodiendus
886 3765 924 3820 sit
944 3747 1055 3838 puteus
1077 3772 1111 3819 ut
1126 3772 1241 3820 certam
1263 3762 1378 3822 habeat

78 3862 172 3918 fidem
195 3864 405 3938 perennitatis.
444 3866 559 3938 priscos
583 3864 655 3921 talia
679 3865 854 3922 discrimina
878 3883 948 3921 cum
969 3865 1001 3921 in
1024 3865 1220 3940 religionibus
1244 3867 1379 3923 observi-

78 3964 182 4032 tarint,
205 3966 298 4021 etiam
321 3966 352 4021 in
374 3982 517 4025 sermone
540 3983 690 4041 expressa
712 3966 855 4024 habuisse
874 3967 1019 4023 credibile
1042 3976 1104 4025 est:
1127 3970 1169 4025 ad
1183 3969 1310 4024 muriem
1329 3986 1379 4025 sa·

79 4082 165 4122 cram
187 4067 348 4141 virginibus
372 4066 552 4123 Vestalibus
583 4067 629 4123 las
651 4076 719 4125 erat
742 4087 854 4143 aquam
874 4069 976 4141 iugem
998 4068 1156 4137 adhibere,
1189 4068 1277 4125 nefas
1308 4087 1377 4126 eam

79 4183 160 4240 quae
181 4184 236 4240 per
258 4165 376 4224 fistulas
400 4168 528 4226 veniret.
585 4169 624 4226 sit
650 4169 741 4244 igitur
766 4169 877 4226 lunlak
905 4177 1017 4243 puteus
1046 4171 1092 4226 vel
1120 4181 1257 4245 puteana
1285 4188 1377 4245 aqua,

79 4284 171 4341 quam
195 4268 338 4326 collatam
361 4286 430 4326 cum
453 4269 553 4328 calida
576 4288 690 4345 operae
720 4271 850 4345 pretium
881 4279 930 4327 est
962 4271 1063 4345 legere
1093 4272 1124 4328 in
1147 4271 1309 4352 Athenaeo
1332 4273 1378 4330 Ili

77 4370 232 4444 p.123s.‚
256 4369 445 4445 φρεατιαῖον
467 4368 486 4445 ἢ
508 4369 663 4432 λακκαῖον
686 4367 782 4447 ὕδωρ.
832 4372 932 4430 sontes
963 4373 1046 4431 lacus
1069 4373 1154 4431 labra
1176 4367 1378 4449 ἀπορραντή-

78 4487 133 4546 ρια
155 4471 186 4527 in
209 4471 329 4546 templis
349 4458 442 4528 fuisse
465 4482 520 4529 aut
542 4481 615 4528 ante
638 4474 752 4547 templa
774 4491 867 4530 nemo
882 4475 989 4544 nescit,
1012 4475 1051 4532 ab
1067 4494 1148 4551 aqua
1165 4482 1196 4531 et
1219 4478 1378 4536 ablutione

78 4590 169 4630 sacra
191 4574 344 4647 quaedam
373 4574 440 4629 loca
471 4573 605 4630 Romani
628 4574 756 4630 delubra
779 4584 935 4635 vocarunt.
991 4579 1148 4650 quomodo
1182 4593 1296 4657 corpus
1327 4589 1379 4636 aut

78 4676 191 4732 saltem
212 4691 319 4732 manus
343 4674 443 4730 lavare
467 4674 512 4730 sas
536 4673 592 4733 fuit
614 4676 662 4731 dis
686 4692 774 4734 sacra
796 4675 931 4734 facturos
954 4671 1125 4756 (ῥαντίζειν
1141 4674 1286 4754 ἑαυτοὺς
1303 4676 1381 4752 τοὺς
