3742 5364
740 359 778 416 45
1317 355 1411 414 Vnt

104 547 243 612 mersta,
271 545 402 600 mersta
424 537 527 611 aveif,
559 535 709 598 merstaf
722 538 731 609 l
751 554 763 591 ⁵
783 561 874 616 mum,
904 543 1004 616 picam
1028 542 1214 615 legitumam,
1248 541 1411 616 legitumas

105 638 231 722 anglaf
265 659 373 702 esona
405 639 516 711 mehe,
555 647 630 700 tote
664 637 730 699 Iio·
784 640 1410 717 aves,legitumasiosciuesdivinasmihi,

104 741 218 815 veine,
252 740 361 803 esmei
389 740 537 802 stahmei
570 739 731 803 stahmei-
784 745 850 800 urbi
873 745 1030 819 Iguvium,
1057 743 1127 800 huic
1150 744 1244 800 statui
1277 752 1304 799 st
1326 738 1412 802 tuto.²

105 841 174 905 tei'.
196 841 283 905 sersi
294 841 379 922 pirsi
392 850 515 916 sesust,
539 841 599 921 poi
614 838 733 922 anglal
784 846 861 902 sede
902 863 963 920 qua
1006 844 1122 902 sederit
1164 845 1214 919 qui
1257 837 1412 922 oscines!

208 1053 226 1110 5
250 1051 326 1106 mihi
355 1049 484 1125 primum
519 1051 594 1125 poni
622 1068 677 1125 par
698 1058 754 1110 est.
798 1051 841 1107 ita
864 1048 944 1108 Cato
978 1051 1009 1107 in
1040 1049 1222 1107 lustratione
1256 1050 1320 1124 agri
1349 1050 1411 1104 duis

108 1129 356 1209 bonam'saluum
388 1152 462 1207 mihi
482 1153 560 1207 dunzo
572 1151 775 1231 familiaeque
796 1158 913 1232 uestrae
936 1171 1004 1227 cap.
1030 1155 1100 1222 141,
1135 1151 1238 1227 Scipio
1269 1157 1411 1226 precatur

107 1253 184 1310 miti·
206 1253 318 1326 populo
346 1252 485 1327 plebique
514 1272 654 1309 romanae
688 1255 771 1328 apud
793 1254 913 1311 Livium
937 1255 1039 1312 XXIX
1063 1256 1113 1321 27,
1137 1255 1155 1310 2
1178 1260 1210 1309 et
1232 1253 1262 1319 4,
1295 1250 1410 1307 ibidem

110 1354 217 1411 XXXI
231 1357 258 1422 7,
275 1355 312 1412 15
337 1354 513 1411 sacrificans
529 1356 637 1411 consul
660 1355 735 1411 mi'lzi
753 1357 870 1412 senatui
889 1356 1023 1430 vobisque
1045 1354 1160 1430 populo
1182 1369 1310 1409 romano
1324 1352 1412 1407 sociis

108 1476 144 1514 ue
166 1457 279 1512 nomini
293 1455 400 1512 Lelzuo
423 1456 566 1512 elassibus
589 1457 823 1531 exercitibusque
845 1459 954 1514 uostris
978 1457 1045 1513 bene
1061 1476 1095 1512 ec
1107 1455 1250 1535 feliciter.
1280 1453 1411 1509 atenim

107 1557 238 1614 cultiora
272 1575 308 1614 ac
342 1557 522 1614 delicatiora
555 1559 679 1614 veniunt
713 1559 850 1616 saecula:
888 1561 918 1616 in
953 1559 1078 1616 fratrum
1101 1557 1254 1613 Arvalium
1287 1555 1364 1612 actis
1392 1572 1411 1610 a

107 1658 235 1715 Tiberio
259 1659 299 1713 ad
319 1657 529 1715 Domitianum
552 1659 626 1715 milri
644 1660 790 1733 magister
813 1669 983 1716 extremum
1005 1659 1090 1726 dicit,
1113 1667 1224 1734 postea
1246 1675 1309 1715 non
1335 1656 1411 1714 dicit

107 1776 239 1832 usquam
262 1753 305 1832 (p.
327 1761 345 1817 8
368 1756 491 1834 Hem).

208 1858 316 1914 statmo
338 1857 442 1915 fictum
475 1861 513 1916 ab
536 1861 649 1917 stando
674 1869 706 1917 ut
729 1868 826 1917 status
850 1861 897 1917 vel
921 1860 1024 1927 stati0,
1059 1855 1197 1933 eruduit(
1230 1877 1294 1915 non
1315 1859 1410 1914 modo

106 1961 209 2016 locum
231 1959 366 2016 indicare
381 1961 501 2017 videtur
523 1963 653 2045 auguriis
677 1963 757 2018 reive
770 1962 893 2019 divinae
915 1970 1071 2029 statutum,
1094 1961 1307 2035 auguraculum
1330 1959 1417 2016 enim'

109 2068 142 2117 et
166 2079 219 2118 arx
239 2060 338 2117 minus
362 2063 524 2118 commode
557 2071 627 2137 post
659 2065 765 2120 urbem
788 2064 945 2138 Iguvinam
969 2064 1148 2133 collocatur,
1182 2064 1239 2120 sed
1261 2061 1408 2119 constitu·

109 2164 227 2219 tionem
250 2179 354 2218 eorum
378 2180 456 2235 quae
492 2174 676 2236 peragentur
699 2182 856 2221 sacrorum
873 2164 1060 2223 ,universam
1095 2163 1164 2220 loca
1187 2171 1327 2237 tempora
1359 2177 1408 2216 res

110 2264 251 2320 homines
274 2261 597 2337 comprehendentem.
633 2265 757 2321 additur
778 2265 906 2321 sluhuu'lo
922 2264 1117 2321 formularum
1136 2264 1193 2320 ritu
1216 2263 1408 2336 antiquarum

110 2383 147 2421 ac
170 2364 389 2438 religiosarum,
423 2370 456 2418 ut
487 2371 575 2438 pater
597 2372 746 2438 patratus,
780 2365 938 2438 augurium
959 2373 1130 2438 augustum,
1163 2364 1209 2420 ius
1237 2361 1408 2418 iurandum.

109 2466 218 2522 nescio
242 2484 282 2521 an
304 2465 434 2521 nominis
458 2465 555 2521 vicem
577 2465 637 2522 hoc
660 2467 761 2541 ipsum
783 2467 922 2522 obtineat
946 2484 1035 2522 versu
1058 2469 1087 2524 8.

206 2567 291 2640 pr'rsi
309 2576 340 2622 et
362 2585 422 2622 erse
444 2566 490 2622 vel
514 2568 585 2640 pede
608 2575 640 2623 et
664 2571 711 2624 eeie
733 2567 855 2625 ablativi
889 2576 962 2623 sunt
984 2568 1059 2640 api
1077 2575 1145 2623 ete
1177 2565 1409 2640 pronominibus

111 2668 197 2724 ducti
229 2668 341 2723 eodem
375 2666 554 2742 modoque
584 2672 663 2743 piade
685 2670 713 2725 V
736 2670 803 2728 Α7
838 2688 856 2725 a
872 2679 916 2742 pu
940 2668 1127 2725 declinatum
1151 2668 1222 2724 dixi.
1273 2667 1357 2740 pirre
1379 2673 1410 2720 et

104 2777 198 2840 purte
219 2769 262 2823 sic
286 2768 429 2825 differunt
451 2779 484 2826 ut
506 2771 537 2826 in
559 2771 659 2845 prisca
684 2771 832 2827 latinitate
848 2772 914 2843 quir
934 2772 1011 2828 volet
1031 2779 1063 2827 et
1085 2772 1138 2844 qui
1155 2771 1239 2829 velet.
1267 2769 1316 2825 hic
1331 2785 1408 2823 unus

110 2876 213 2924 estet
236 2869 407 2942 singillatim
423 2871 611 2945 designatus,
635 2873 710 2929 illius
733 2873 764 2928 in
787 2873 885 2929 locum
908 2873 1058 2929 successit
1081 2873 1215 2947 quisquis
1236 2879 1289 2927 aut
1309 2867 1409 2942 sz'quzi.

110 2988 150 3025 ex
172 2987 353 3043 praegresso
384 2973 466 3028 sedis
490 2973 639 3029 vocabulo
662 2973 791 3029 efficitur
815 2979 906 3028 secus!
926 2992 994 3030 esse
1015 2980 1126 3030 sersus!
1142 2972 1254 3039 sederit,
1290 2989 1328 3027 ex
1350 2969 1410 3027 hoc

109 3088 201 3145 porro
224 3073 407 3128 andersesusl
426 3073 615 3138 intersederil,
649 3074 767 3132 Latinis
801 3075 876 3132 illud
900 3076 1025 3150 quidem
1058 3093 1120 3132 non
1144 3076 1241 3148 magis
1263 3075 1410 3130 usitatum

110 3189 202 3245 quam
236 3179 320 3228 auur
352 3172 462 3229 vakuze
499 3175 727 3232 euteruucuiioue
749 3176 779 3251 (I
802 3176 825 3232 B
848 3178 876 3236 8.
900 3176 944 3232 Vl
969 3177 992 3232 B
1017 3172 1081 3252 47),
1121 3194 1158 3231 ex
1190 3175 1249 3231 hoc
1276 3173 1408 3248 denique

109 3275 282 3342 eudemum,
306 3276 363 3331 etsi
388 3275 506 3332 litterae
528 3295 592 3332 non
613 3278 783 3352 impediunt
806 3278 989 3352 quominus
1012 3295 1067 3353 pro
1091 3277 1253 3333 tuleru'slilo
1264 3274 1408 3349 accipias,

109 3385 214 3431 tamen
237 3375 376 3432 eiusdem
399 3377 568 3434 esseillius
593 3379 676 3435 verbi
697 3380 915 3454 imperativum.
950 3388 981 3436 et
1006 3381 1090 3454 quod
1113 3379 1218 3435 sersilu
1240 3395 1295 3452 pro
1317 3376 1409 3432 sedete

109 3475 260 3531 invenitur
279 3475 323 3532 VI
345 3476 370 3532 B
395 3480 445 3545 41,
481 3487 534 3534 aut
561 3479 763 3553 inaequalitas
798 3480 876 3537 haec
900 3479 956 3537 fuit
989 3467 1137 3537 sermonis
1169 3480 1264 3536 modo
1286 3479 1409 3554 plenam

110 3575 265 3632 efferentis
281 3594 389 3633 vocem
410 3579 505 3634 modo
522 3581 761 3654 comprimentis,
786 3581 1046 3654 quemadmodum
1069 3599 1148 3637 nunc
1165 3581 1259 3636 dz'rslu
1279 3587 1310 3635 et
1320 3577 1409 3657 factu

109 3695 192 3734 nunc
209 3678 270 3732 diiu
288 3687 319 3734 et
332 3675 404 3753 seia
427 3689 539 3736 sonant
561 3679 657 3737 latina
680 3683 746 3737 delo
769 3690 799 3737 et
812 3679 925 3757 sucini,
950 3691 1001 3739 aut
1022 3683 1094 3738 se'slu
1109 3689 1141 3738 et
1162 3682 1268 3737 sersziu
1291 3689 1408 3739 tantum

112 3780 192 3835 inter
215 3796 247 3834 se
272 3779 388 3835 distant
410 3789 556 3855 quantum
577 3783 660 3838 sidilo
683 3791 714 3839 et
735 3784 835 3840 sedete.
878 3801 915 3840 ac
938 3785 1090 3856 posterior
1114 3780 1191 3838 haec
1217 3785 1294 3841 ratio
1317 3785 1408 3858 longe

110 3888 259 3954 praestat,
283 3897 342 3954 qua
363 3899 426 3937 non
447 3883 541 3938 modo
563 3884 668 3940 litteris
691 3883 798 3940 melius
822 3885 1006 3941 consulimus
1029 3885 1085 3941 sed
1109 3885 1202 3940 etiam
1224 3885 1408 3953 sententiae,

111 3981 210 4037 omnis
234 3982 315 4037 enim
337 3990 370 4038 ut
394 3991 513 4045 vetetur
536 3985 733 4052 interventus,
766 3985 912 4042 sessionis
937 3985 1086 4042 vocabulo
1118 3994 1305 4043 momentum
1328 3988 1409 4045 adici

111 4091 234 4158 oportet
265 4083 338 4139 illud
361 4087 447 4158 quod
479 4086 580 4143 adside
607 4087 719 4160 possedi>
741 4086 866 4152 habent,
898 4105 961 4142 non
986 4086 1102 4144 habent
1126 4089 1242 4145 adsideo
1267 4090 1407 4162 possideo.

111 4171 215 4242 Latini
237 4202 285 4240 res
308 4185 388 4240 inter
410 4203 443 4242 se
466 4187 616 4244 dissidere
640 4197 671 4244 ct
694 4188 811 4245 distare
835 4187 898 4243 fere
920 4205 1020 4263 aequo
1043 4207 1169 4246 numero
1192 4190 1344 4259 dixerunt,
1377 4192 1409 4248 in

110 4286 200 4344 simili
222 4267 390 4360 spatiorum
405 4305 442 4344 ac
465 4290 596 4362 regionis
620 4290 828 4363 descriptione
841 4288 948 4346 Vmbri
970 4308 1007 4346 ex
1029 4299 1113 4348 motu
1130 4292 1264 4366 quietem
1286 4299 1409 4365 praetu-

109 4388 172 4443 lere
195 4388 410 4454 sedentariam,
434 4398 466 4446 ut
488 4391 566 4448 infra
589 4408 743 4465 exponam
765 4392 796 4446 in
820 4393 883 4472 tab⁸
904 4392 957 4452 111.
1334 4388 1336 4392 ’

213 4491 230 4546 6
255 4508 378 4564 mugure
400 4494 490 4548 deest
502 4493 636 4550 Latinis:
660 4494 831 4567 significatu
853 4483 979 4571 propius
1002 4514 1095 4570 quam
1115 4495 1233 4571 mugire
1255 4494 1418 4566 muginari

110 4595 161 4644 est
183 4591 268 4662 quod
290 4588 408 4648 Nonius
432 4610 462 4666 p.
488 4593 545 4653 139
579 4595 796 4668 interpretatur
820 4614 1017 4664 murmurare,
1051 4599 1089 4658 cl.
1113 4592 1249 4674 μυγμὸν,
1281 4601 1423 4660 muttum

109 4687 182 4764 γρῦ,
205 4707 350 4749 mussare.
380 4693 570 4752 interdicitur
592 4711 694 4768 nequo
707 4693 864 4756 silentium
880 4699 991 4766 sonitu,
1014 4702 1132 4760 nedum
1144 4713 1224 4758 voce
1245 4699 1431 4766 rumpatur.
