3742 5364
230 331 341 394 vli17
860 335 902 392 50

225 510 360 586 bifiatu,
374 512 852 577 arsferturonomnecarsitu:
904 519 991 585 dato,
1023 517 1176 575 flaminem
1208 518 1331 575 nomine
1357 518 1533 595 appellato:

230 614 340 697 ‘parfa
363 616 499 688 dersva,
534 634 683 677 curnaco
716 616 852 688 dersva,
904 615 1036 694 ‘parram
1045 638 1232 694 prosperam,
1242 621 1536 697 comicemprospe·

229 716 331 798 peico
361 726 502 789 mereto,
536 715 637 798 peica
670 727 831 790 meersta‚
853 714 982 798 lteram,
1005 721 1106 795 picum
1128 721 1318 794 legitumum‚
1340 723 1442 798 picam
1458 723 1535 796 legi·

231 816 473 891 merstaaveif,
498 826 628 880 mersta
645 819 855 881 anclaeeso·
908 830 1033 890 rumam,
1054 816 1058 898 l
1080 822 1241 894 legitumas
1264 838 1347 890 aves,
1369 824 1534 898 legitumas

230 937 275 980 na
291 917 372 992 tefe,
396 927 470 981 tote
481 916 623 991 liovine‚
639 917 746 982 esmei
762 919 855 980 stah·
907 923 1029 979 oscines
1053 921 1171 978 divinas
1194 921 1258 989 tibi,
1289 923 1355 980 urbi
1374 923 1533 997 iguvinae,

231 1020 298 1082 mei
332 1018 523 1084 stahmitei'.
568 1018 689 1081 Esisco
719 1019 855 1082 esoneir
906 1024 977 1081 huic
999 1023 1091 1081 statui
1114 1017 1248 1083 statuto?
1266 1023 1328 1080 ·Ad
1343 1024 1421 1083 haec
1443 1041 1534 1083 sacra

231 1119 492 1202 seveirlpopler
509 1119 692 1183 anferener
704 1130 739 1182 et
755 1139 855 1183 ocrer
907 1105 1009 1191 omnia
1035 1119 1039 1201 Ι
1067 1124 1171 1198 populi
1205 1124 1354 1183 lustrandi
1388 1135 1420 1183 et
1452 1127 1534 1184 arcis

230 1348 427 1422 primordium
441 1347 518 1404 sumi
541 1355 645 1422 potest
668 1347 753 1419 velp
776 1365 867 1422 quam
889 1347 1074 1421 posteriores
1097 1347 1128 1403 in
1150 1347 1297 1422 syllabam
1321 1354 1535 1421 antegressam

231 1449 416 1506 reclinantes
440 1448 631 1516 emollierint,
668 1449 714 1504 vel
738 1447 754 1504 b
776 1466 869 1523 quam
892 1449 974 1522 prior
996 1456 1082 1505 aetas
1111 1449 1284 1507 extenuarit
1305 1442 1357 1526 (cs.
1382 1449 1540 1522 adpatrati

231 1547 404 1626 arbitratu).
448 1551 480 1607 in
517 1569 549 1607 re
583 1551 700 1607 incerta
722 1550 885 1608 molestum
917 1559 963 1607 est
999 1551 1142 1625 persequi
1179 1567 1324 1607 sonorum
1360 1549 1475 1624 gradus
1500 1558 1536 1605 et
1599 1603 1601 1608 .

230 1653 391 1708 notionum
418 1669 474 1726 per
497 1668 574 1725 quos
597 1652 639 1707 ad
661 1651 805 1709 conventi
828 1645 1049 1727 (συμβάσεως)
1072 1661 1113 1720 et,
1146 1670 1223 1726 pace
1246 1651 1369 1708 Romuli
1390 1649 1534 1718 dixerim,

231 1752 436 1809 combitiantis
459 1770 574 1808 nomen
597 1753 796 1827 speciemque
828 1753 967 1809 mandati
991 1754 1160 1809 escendere
1191 1753 1299 1810 liceat:
1335 1759 1455 1809 tantum
1476 1753 1536 1808 ad·

194 1844 196 1851 ’
231 1852 325 1923 firmo,
350 1855 610 1928 quemadmodum
633 1854 790 1929 stipulatio
812 1854 926 1911 nonin
949 1871 1010 1910 uuo
1033 1853 1156 1911 homine
1179 1855 1328 1920 consistit,
1351 1854 1393 1909 ita
1416 1854 1535 1910 combi-

231 1955 315 2013 fianti
349 1972 470 2030 semper
503 1972 572 2012 esse
600 1956 734 2030 aliquam
758 1972 828 2012 cum
863 1955 960 2012 altero
983 1956 1034 2030 qui
1056 1956 1140 2013 dicto
1163 1955 1293 2012 audiens
1325 1954 1362 2012 sit
1385 1972 1423 2011 ex
1446 1971 1536 2011 com·

231 2065 323 2130 pecto
345 2056 616 2115 necessitudinem.

332 2160 370 2216 17
394 2159 532 2233 auspicia
554 2158 657 2214 valent
688 2157 717 2213 in
741 2175 803 2214 uno
828 2174 867 2215 eo
891 2157 942 2231 qui
964 2157 1053 2231 petiit
1086 2157 1190 2231 itaque
1222 2157 1401 2213 nuntiantur
1433 2155 1536 2212 nomi·
1603 2204 1605 2206 ,

231 2256 337 2316 natim.
382 2257 420 2327 Q.
445 2258 572 2315 Fabium
604 2256 728 2331 auguris
762 2273 876 2313 nomen
900 2256 1008 2313 Cicero
1032 2259 1072 2313 de
1095 2257 1154 2313 div.
1178 2257 1209 2312 Π
1233 2258 1281 2325 71,
1315 2255 1453 2312 Manium
1475 2273 1535 2330 pro

232 2358 320 2415 vilico
344 2375 431 2415 sacra
455 2357 681 2415 facienteCato
704 2376 727 2417 r.
744 2375 765 2416 r.
791 2361 849 2417 141
874 2358 1019 2432 appellat,
1044 2358 1144 2433 qualia
1167 2358 1309 2433 exempla
1333 2375 1401 2414 cum
1422 2376 1439 2415 a
1462 2358 1536 2430 lege

232 2459 426 2527 abhorreant,
462 2460 655 2518 interiectum
685 2468 734 2517 est
766 2460 841 2516 illud
874 2469 909 2515 ut
942 2469 1015 2517 ante
1043 2469 1171 2533 porram
1200 2478 1265 2534 eqs
1296 2458 1425 2517 flaminis
1460 2476 1536 2533 pro·

231 2559 388 2617 nuntietur
408 2578 532 2620 nomen.
570 2562 681 2617 corsr'lu
704 2561 838 2617 discedit
860 2561 985 2636 paulum
1008 2579 1026 2616 a
1050 2562 1156 2627 calaio,
1179 2561 1276 2635 magis
1299 2560 1440 2634 congruit
1462 2577 1535 2617 cum

232 2661 377 2720 calendis,
458 2686 460 2690 ⁷

334 2764 474 2837 requae
502 2764 639 2838 superior
660 2762 709 2820 hic
732 2763 826 2821 fertur
852 2764 958 2839 populi
987 2764 1138 2822 lustrandi
1160 2763 1356 2831 caerimonia,
1387 2761 1535 2820 inferiore

233 2865 303 2921 loco
337 2864 529 2935 describitur,
564 2864 668 2939 ibique
702 2863 747 2921 VI
769 2864 793 2922 B
816 2868 855 2924 49
890 2865 1001 2922 flamen
1037 2866 1172 2922 similiter
1201 2875 1320 2939 peream
1357 2863 1534 2920 armotiam
1580 2890 1585 2897 ·

232 2972 411 3040 vestemque
433 2965 585 3040 insignem
607 2965 695 3021 indui
718 2966 838 3022 iubetur
858 2967 941 3041 prius
958 2984 1049 3042 quam
1069 2967 1171 3041 ignem
1187 2967 1325 3042 imponat
1347 2983 1383 3022 ac
1399 2963 1534 3023 deferat.

225 3074 315 3138 perca
338 3066 473 3124 concinit
494 3066 620 3124 omnino
645 3085 713 3123 cum
741 3067 844 3140 perek·
867 3084 943 3124 osco
966 3069 1050 3142 quod
1083 3068 1229 3126 idoneam
1251 3069 1294 3123 ad
1320 3066 1535 3123 terminandas

232 3168 294 3223 vias
326 3185 500 3226 mensuram
533 3168 692 3243 significat,
728 3185 801 3242 ergo
830 3170 988 3242 pertz'cam:
1023 3187 1061 3225 ex
1093 3169 1245 3226 contrario
1268 3169 1412 3225 articulus
1445 3168 1534 3225 idem

231 3268 363 3325 accessit
396 3277 427 3326 et
460 3269 610 3326 abscessit
648 3270 680 3325 in
713 3286 786 3326 osco
821 3269 999 3344 patrio-pert
1029 3279 1059 3327 et
1094 3271 1189 3328 latino
1228 3280 1359 3343 sem-per.
1415 3269 1534 3343 virgam

231 3368 350 3443 insigne
383 3370 547 3444 potestatis
570 3387 638 3427 esse
670 3369 805 3444 ideoque
827 3388 866 3427 ea
889 3379 920 3427 et
943 3370 1139 3446 magistratus
1172 3372 1215 3427 uti
1246 3379 1278 3427 et
1299 3378 1384 3426 vates
1408 3368 1534 3427 Servius

231 3478 382 3528 memorat
416 3472 457 3527 ad
492 3470 568 3527 Aen.
591 3470 635 3527 IV
659 3474 729 3530 242.
793 3471 912 3528 Romae
949 3472 1048 3548 virgas
1085 3472 1222 3529 flamines
1258 3472 1424 3546 portabant
1463 3487 1535 3544 per·

231 3579 340 3644 gentes
374 3574 415 3628 ad
451 3571 599 3628 sacrificia
634 3580 668 3628 ut
701 3572 739 3628 ab
774 3569 822 3629 se¹
844 3571 983 3630 homines
1017 3581 1204 3641 amoverent,
1243 3591 1261 3628 a
1294 3579 1467 3630 commeatu
1500 3581 1536 3629 et
1593 3581 1595 3585 ⁴

231 3672 338 3728 itinere
361 3673 460 3730 dictas
488 3673 711 3731 commetacula
741 3673 837 3744 (Festi
862 3669 1017 3750 epitome).
1062 3675 1275 3731 sacerdotibus
1304 3673 1536 3749 auguribusque

232 3774 377 3830 adtributi
400 3781 470 3830 sunt
485 3790 580 3848 saepe
599 3792 700 3831 ramus
721 3775 846 3831 baculus
868 3775 965 3833 lituus
1011 3790 1101 3849 porro
1115 3775 1255 3830 orsmalia
1270 3774 1432 3831 manifesto
1448 3774 1536 3831 dicta

232 3875 271 3930 ab
287 3894 402 3932 arsmor
417 3875 551 3944 nomine,
576 3895 686 3933 artma-
707 3876 810 3934 verbe.
844 3876 923 3932 inter
947 3876 1016 3932 iuris
1031 3876 1108 3932 sacri
1123 3875 1301 3950 gravissima
1313 3875 1387 3932 illud
1409 3882 1456 3931 est
1479 3891 1536 3931 vo·-

232 3976 343 4033 cabula
362 3994 399 4034 ac
413 3977 619 4034 vetustissima
634 3977 752 4052 opinor,
779 3994 857 4051 quae
880 3995 980 4033 mores
1003 3978 1099 4034 nostri
1121 3995 1185 4034 non
1207 3978 1340 4051 capiunt,
1366 3977 1413 4032 vix
1430 3975 1536 4050 capiet

232 4076 453 4152 intellegentia.
499 4079 576 4134 deos
600 4078 705 4135 Vmbri
737 4085 901 4153 precantur
934 4087 967 4134 ut
998 4087 1120 4134 servent
1154 4078 1281 4152 primum
1314 4095 1428 4134 nomen
1459 4077 1533 4151 Igu·

232 4178 344 4246 vinum,
381 4187 445 4236 tum
474 4178 549 4257 ners
564 4179 613 4253 qui
647 4179 712 4236 sine
735 4179 831 4236 dubio
864 4180 1015 4254 principes
1048 4188 1119 4236 sunt
1142 4197 1179 4235 ac
1201 4181 1337 4253 magistri
1368 4178 1474 4255 populi
1500 4187 1536 4236 et

232 4277 362 4335 Bantiae
378 4288 526 4353 tanquam
548 4280 667 4353 patricii
678 4280 797 4336 Romae
819 4280 934 4337 exclusi
950 4281 1104 4337 tribunatu
1126 4281 1237 4354 plebei,
1261 4281 1411 4355 simulque
1426 4297 1534 4346 arsmo,

232 4379 348 4435 deinde
370 4381 499 4455 bipedes
516 4388 636 4436 ceteros
653 4388 684 4436 et
706 4381 934 4456 quadrupedes
956 4389 1011 4436 aut
1031 4382 1156 4455 nequid
1178 4381 1333 4454 adtingam
1355 4380 1534 4454 improbius,

232 4479 311 4535 viros
335 4487 367 4536 et
388 4498 510 4555 pecora.
555 4496 619 4536 non
641 4479 781 4536 homines
806 4481 849 4536 ita
871 4482 927 4536 sed
952 4480 1158 4537 institutiones
1185 4481 1329 4555 appellari
1354 4480 1471 4556 cogitur
1493 4500 1535 4539 ex

232 4581 409 4652 precatione
432 4582 527 4637 altera
551 4598 610 4655 qua
633 4581 753 4638 veniam
776 4583 850 4638 dare
874 4583 951 4638 deos
975 4582 1080 4638 volunt
1104 4582 1128 4637 si
1151 4598 1203 4636 arx
1226 4582 1297 4655 igne
1321 4589 1403 4638 tacta
1423 4580 1471 4648 sit,
1502 4582 1537 4639 in

232 4682 306 4736 urbe
328 4700 441 4739 arantur
461 4681 583 4738 subator
606 4683 675 4743 sint.
719 4692 807 4740 tanta
829 4702 892 4740 non
915 4692 963 4740 est
985 4681 1159 4740 hominibus
1182 4683 1366 4758 primigeniis
1390 4700 1460 4738 cum
1484 4682 1535 4740 dis
