3742 5364
703 359 763 417 127
1286 361 1380 421 11512

76 539 138 603 viu
159 549 289 614 uatem,
324 539 413 603 fastu
440 537 622 621 prusesete
646 547 703 601 ad·
756 553 797 614 to,
814 546 896 603 arvia
912 545 1070 616 adhibeto,
1086 548 1217 607 farreum
1232 551 1381 624 prosectis

77 643 189 711 veitu.
221 645 225 721 Ι
254 647 366 722 pedae
392 640 477 715 fetu,
513 641 597 722 puni
619 639 702 714 fetu,
755 642 1075 724 adicito,)pedarium
1097 650 1200 719 facite,
1224 669 1319 725 posca
1338 652 1382 708 fa·

77 752 134 806 tra
167 743 292 806 ekvine
325 742 407 806 fetu.
438 743 442 822 )
473 735 604 806 Asetus
626 762 704 822 per·
757 748 828 817 cito,
852 759 935 807 trans
959 753 1105 827 equinum
1128 751 1228 810 facito.
1252 745 1255 820 1
1278 753 1380 826 Agen-

78 845 172 908 akne
194 845 276 908 fetu.
304 847 313 918 Γ
405 902 407 906 ,
718 868 742 905 11
757 849 837 906 tibus
861 851 1008 908 sollemne
1032 849 1168 920 1551101

77 1051 211 1120 tineam,
234 1069 345 1126 capum
369 1060 400 1108 et
424 1066 591 1126 caponem,
615 1069 727 1126 pavum
749 1061 782 1109 et
803 1071 972 1127 pavonem,
1001 1055 1132 1112 burdum
1155 1063 1186 1112 et
1208 1057 1379 1114 burdonem

76 1154 257 1212 vocitarunt.
304 1161 397 1228 atque
426 1154 455 1209 in
484 1153 535 1208 illo
560 1153 626 1226 ipso
657 1153 779 1209 nomine
806 1153 885 1211 haec
913 1155 1009 1229 figura
1036 1175 1077 1213 ne
1104 1156 1222 1213 Latinis
1252 1159 1378 1232 quidem

76 1271 201 1328 prorsus
224 1254 329 1330 ignota
352 1254 416 1323 fuit,
439 1255 584 1328 quoniam
607 1255 637 1310 in
658 1255 739 1311 notis
753 1254 927 1312 Tironianis
943 1250 987 1334 (in
1004 1257 1209 1314 Bernensibus
1233 1258 1324 1314 editis
1338 1258 1376 1315 ab

77 1355 242 1413 Schmitzio
268 1357 329 1414 tab.
355 1358 394 1415 58
418 1375 448 1414 5.
462 1354 517 1429 45)
541 1373 646 1430 apmm
670 1356 809 1430 sequitur
831 1358 1023 1429 aprunculus,
1046 1356 1096 1414 hic
1117 1365 1221 1414 autem
1243 1357 1377 1414 minutus

76 1466 125 1513 ost
148 1465 230 1530 apro.
276 1456 406 1514 fortasse
430 1457 524 1514 etiam
547 1474 616 1513 cum
638 1452 748 1530 gentes
772 1456 881 1514 Porcia
904 1458 1009 1515 Asinia
1038 1459 1116 1516 aliae
1143 1459 1300 1515 imitentur
1325 1476 1379 1533 pe·

76 1558 158 1614 coris
180 1557 314 1626 nomina,
337 1566 370 1614 ut
393 1558 431 1615 ab
455 1575 530 1631 apro
554 1557 647 1631 Apria
671 1558 714 1613 sic
736 1559 872 1631 Apronia
895 1557 934 1614 ab
958 1577 1074 1633 aprone
1098 1560 1181 1616 dicta
1202 1568 1258 1619 est.

179 1661 217 1718 13
250 1665 298 1715 ἵνα
321 1659 421 1715 ekuiue
434 1655 514 1734 selu.
558 1658 600 1714 ita
624 1659 653 1714 in
676 1658 731 1714 IB
755 1667 786 1715 et
810 1658 869 1715 VH
887 1660 914 1716 A
947 1659 1058 1738 trahas
1070 1661 1171 1717 saltate
1184 1660 1285 1739 fectu,
1319 1663 1379 1720 itur

75 1769 180 1817 autem
203 1768 234 1817 et
252 1744 380 1817 mittitur
403 1768 434 1816 et
456 1767 596 1816 movetur
617 1759 706 1815 traho
727 1759 869 1818 sabulum.
929 1761 1060 1818 nominis
1087 1763 1177 1836 igitur
1199 1763 1229 1819 in
1252 1781 1270 1819 a
1294 1764 1341 1820 vel
1364 1783 1379 1820 o

75 1861 248 1918 desinentis
270 1877 359 1918 casus
382 1868 429 1917 est
451 1861 551 1917 locum
574 1878 610 1917 ac
632 1860 797 1917 stationem
821 1861 970 1919 indicans.
1016 1879 1033 1917 5
1055 1862 1174 1919 Latinis
1196 1881 1376 1938 proxumum

74 1969 124 2017 est
148 1962 282 2035 equz'uum
306 1963 390 2035 quod
412 1961 595 2017 substantivi
611 1960 674 2016 vice
698 1960 831 2033 fungitur
853 1962 884 2016 in
908 1961 1065 2036 epitaphio
1082 1961 1262 2037 Speudusae
1279 1985 1377 2040 equae

74 2061 198 2135 virginis
227 2061 355 2118 Gaetula
376 2061 490 2116 harena
505 2067 653 2134 prorutae,
685 2059 810 2118 Gaetulo
834 2062 936 2134 equum
952 2062 1077 2119 1011111111
1093 2061 1188 2137 (IRN.
1204 2068 1284 2124 7147
1298 2085 1376 2125 mus,

75 2162 176 2221 Rhen.
192 2162 312 2218 XXVII
335 2181 363 2237 p.
379 2157 449 2238 145)
472 2180 574 2236 neque
592 2180 663 2218 vero
684 2162 775 2237 plane
795 2162 891 2237 liquet
908 2172 1009 2220 utrum
1023 2183 1122 2239 genus
1142 2184 1288 2240 equorum
1311 2169 1377 2224 uni·

74 2281 197 2320 versum
220 2281 259 2320 an
282 2281 408 2338 gregem
432 2264 620 2320 admissurae
644 2263 822 2339 feturaeque
841 2265 1028 2322 destinatum
1052 2266 1179 2342 eiusque
1197 2269 1305 2324 sedem
1321 2270 1376 2324 de·

74 2364 184 2436 signet.
230 2364 366 2421 similiter
379 2365 517 2422 derivata
532 2364 668 2421 locorum
689 2366 813 2444 nomina
834 2365 951 2439 piscina
981 2367 1087 2441 rapina
1104 2386 1121 2425 a
1138 2369 1218 2442 rapis
1234 2368 1375 2443 opificiua

75 2465 178 2521 culina
208 2465 367 2539 pistrinum
401 2464 556 2521 tablinum.
606 2465 706 2521 licebit
722 2465 811 2539 igitur
825 2465 938 2521 circum
955 2467 1111 2540 quendam
1126 2468 1305 2542 intellegere
1321 2471 1375 2526 ad·

73 2565 228 2622 iacentem
248 2565 319 2620 aedi
340 2566 370 2620 in
391 2583 450 2639 qua
472 2564 580 2621 iratres
602 2564 718 2621 Atiedii
736 2565 956 2634 consistebant,
980 2569 1137 2640 quomodo
1158 2569 1189 2624 in
1210 2569 1277 2628 luco
1294 2567 1375 2628 deae

74 2667 147 2722 diae
163 2666 321 2723 Arvalibus
345 2684 406 2722 non
429 2665 529 2722 defuit
552 2665 649 2722 circus
673 2667 724 2722 ubi
747 2675 779 2722 et
803 2666 867 2722 ludi
883 2667 1144 2725 committerentur
1160 2672 1314 2745 quadrigis
1339 2689 1375 2728 ac

74 2766 279 2823 desultoribus
303 2774 335 2822 et
358 2783 405 2823 res
428 2766 532 2823 divina
554 2765 658 2834 fieret,
689 2784 758 2823 cum
781 2784 895 2824 vaccae
927 2766 1109 2825 honorariae
1132 2771 1174 2826 ad
1197 2790 1280 2830 aram
1304 2790 1373 2829 cum

73 2866 174 2939 porcis
196 2867 400 2940 piacularibus
424 2867 600 2946 immolatae
623 2875 726 2924 extam
748 2868 914 2925 redderent
937 2870 967 2925 in
990 2870 1070 2927 circo
1094 2870 1157 2926 IIII
1181 2848 1242 2930 kalf
1270 2873 1373 2931 Iunias

75 2965 159 3039 (vide
182 2976 251 3024 acta
274 2987 300 3028 a.
316 2964 402 3047 218).
444 2969 534 3026 Marti
557 2971 641 3044 quod
664 2968 698 3026 iit
722 2976 805 3025 trans
827 2971 972 3043 equinum,
996 2972 1026 3026 in
1051 2972 1114 3028 eius
1139 2973 1372 3049 dei'potestate

75 3066 170 3124 fuisse
192 3085 288 3144 equos
305 3078 335 3125 et
351 3069 504 3143 equestria
523 3070 733 3128 Romanorum
750 3072 881 3146 probant
894 3072 1033 3146 Equirria
1051 3090 1125 3145 quae
1141 3074 1208 3128 deris
1231 3075 1262 3130 iu
1278 3084 1376 3149 campo

68 3171 216 3244 prospicit
236 3171 294 3244 ipse
315 3188 366 3226 suo
390 3180 420 3227 et
442 3173 514 3226 ecus
538 3170 675 3228 October
696 3173 786 3229 Marti
806 3172 880 3228 item
895 3173 926 3228 in
944 3190 1053 3247 campo
1070 3173 1182 3230 Martio
1198 3175 1374 3234 immolatus

74 3271 222 3343 religione
240 3271 459 3344 antiquissima.
493 3272 681 3329 retinuerunt
696 3272 801 3332 Vmbri
822 3272 839 3328 k
856 3281 889 3327 ut
904 3273 935 3328 in
950 3273 1075 3340 lucatur,
1098 3282 1131 3330 ut
1147 3293 1164 3328 e
1181 3275 1308 3334 Graecis
1323 3280 1375 3353 qui

73 3366 162 3444 ἴκκος
184 3371 437 3446 pronuntiabant,
462 3372 593 3428 fortasse
617 3373 719 3430 Aeolis
742 3373 951 3446 (Herodianus
980 3375 1087 3432 Lentzi
1106 3375 1134 3431 11
1154 3374 1351 3455 p.548,11).

183 3474 221 3530 14
243 3482 402 3546 postremo
418 3473 599 3530 sacrificium
615 3475 777 3531 instituunt
788 3476 886 3532 minus
902 3477 1067 3533 minoribus
1079 3478 1252 3535 numinibus
1266 3464 1376 3544 Aietus,

75 3593 157 3648 quae
180 3575 242 3630 veri
265 3575 448 3631 simillimum
472 3583 520 3632 est
542 3592 654 3631 nomen
677 3577 817 3632 indidem
840 3578 968 3634 traxisse
993 3581 1076 3634 unde
1101 3580 1179 3636 Auru
1200 3580 1305 3638 Iovem
1328 3581 1374 3636 vel

76 3674 219 3731 Martem.
263 3693 334 3731 nam
369 3692 448 3748 quae
477 3693 531 3749 per
562 3675 709 3749 gLatini
744 3677 874 3734 efferunt
913 3697 1001 3753 agere
1029 3681 1137 3754 agonia
1167 3681 1231 3739 sim.
1256 3681 1376 3737 duriore

75 3775 145 3832 Itali
167 3777 305 3850 plerique
328 3793 381 3831 ore
404 3777 614 3850 pronuntiant,
651 3796 732 3834 ocum
756 3779 860 3834 akenez'
889 3778 1058 3847 Samnite8‚
1089 3782 1223 3854 perakue
1253 3782 1376 3838 sevuknc

76 3895 152 3932 acnu
174 3875 288 3932 Vmbri.
325 3886 357 3933 et
379 3862 525 3951 quoniam
547 3877 577 3932 hi
601 3887 673 3935 ante
697 3880 820 3936 vocales
843 3880 996 3937 molliores
1020 3881 1037 3937 k
1061 3881 1189 3939 flectunt
1211 3884 1241 3938 in
1264 3883 1375 3939 strido-

75 3996 139 4034 rem
161 3996 197 4034 ac
220 3977 399 4052 saepissime
424 3979 560 4034 nasalem
583 3979 709 4047 elidunt,
732 3981 804 4037 nihil
828 3982 933 4038 obstat
956 3973 1050 4039 aietur
1072 4000 1134 4057 quo
1164 3984 1262 4040 minus
1286 4003 1375 4058 ugen-

75 4077 152 4134 libus
173 4080 402 4152 interpretemur
426 4080 681 4155 participiumque
704 4083 863 4138 credamus
887 4085 976 4157 quale
999 4087 1069 4140 ledte
1091 4094 1140 4140 est
1155 4083 1223 4141 VA
1237 4088 1263 4145 7.
1298 4087 1374 4143 divi·

76 4198 135 4236 nae
158 4179 354 4254 appellationi
376 4177 553 4237 huiusmodi
575 4183 767 4257 participium
789 4192 928 4258 aptatum
951 4184 1136 4243 Lactantem
1160 4173 1255 4242 habes
1279 4203 1371 4260 quem

76 4280 168 4335 deum
183 4278 281 4336 Varro
304 4281 481 4354 praesidere
504 4282 675 4338 tradiderat
696 4284 852 4356 segetibus
868 4285 1116 4343 lactescentibus,
1155 4288 1273 4361 agoniis
1293 4287 1372 4347 haec

75 4380 201 4439 numina
223 4388 257 4437 ut
280 4381 408 4437 tutelam
430 4391 539 4455 gerant
561 4391 632 4456 post
648 4383 752 4439 lovem
770 4392 802 4440 et
816 4384 947 4442 Martem
970 4397 1108 4445 extremo
1131 4388 1201 4445 loco
1224 4406 1371 4447 veneran-

75 4489 123 4536 tur
144 4489 197 4538 aut
220 4489 367 4553 tanquam
390 4481 520 4540 famulos
544 4483 732 4558 superiorum
755 4486 884 4542 deorum
916 4497 969 4545 aut
997 4489 1069 4562 quia
1100 4507 1166 4547 mos
1191 4499 1240 4547 est
1262 4490 1372 4547 sacrifi·

75 4581 211 4638 cantium
233 4589 266 4636 ut
289 4590 359 4655 post
382 4583 459 4639 deos
483 4584 634 4657 speciales
656 4586 841 4658 generaliter
871 4596 902 4643 et
932 4588 1062 4647 confuse
1087 4598 1208 4649 ceteros
1231 4593 1375 4649 invocent

74 4677 211 4753 (Servius
234 4681 264 4737 in
287 4680 381 4755 Verg.
402 4701 508 4757 georg.
531 4685 602 4743 110
624 4693 655 4741 51
678 4679 742 4763 21).

624 4825 824 4835 —-—-—-—

1676 2056 1683 2113 —-
1666 1934 1690 2043 ”·-2-:2‘

1703 2094 1706 2099 ·
1694 2034 1706 2047 ‘¹
1694 1978 1717 2011 ⁶⁸-
1703 1910 1717 1957 “·-.

1665 2152 1692 2417 --ῑ--πΞΞ-ε-Ζῑ

1741 2322 1763 2415 ‘-.·'-·-'·
1747 2162 1762 2233 ..··—

1674 2956 1686 3003 -ἔ-
1682 2894 1686 2909 -
1682 2864 1686 2871 -
1682 2802 1686 2821 -
1683 2774 1686 2783 -
1683 2708 1687 2743 -
1683 2658 1686 2665 -
1683 2560 1688 2599 ---
1684 2428 1688 2439 -
1684 2360 1687 2367 -
1685 2226 1689 2269 -—
1686 2086 1690 2109 ·-

1707 3200 1713 3225 ..
1707 3158 1710 3163 .
1675 3016 1712 3137 ³:²3*
1687 2942 1704 3007 -'·-
1692 2872 1710 2901 ··-
1688 2674 1713 2847 12·-.---.1;„·:—;.-
1690 2498 1714 2659 π
1693 2458 1705 2481 *·-
1703 2404 1706 2413 -
1694 2280 1713 2385 -·e·-·-
1695 2248 1710 2259 -·
1695 2206 1710 2231 -·
1702 2114 1706 2121 -

1715 3184 1719 3197 -
1720 3100 1724 3127 .-
1716 3048 1730 3075 .-
1728 2832 1731 2839 -
1728 2774 1730 2783 -
1715 2646 1727 2725 ---
1716 2564 1732 2581 ,·
1722 2436 1733 2487 -=-.
1718 2378 1724 2393 ·
1718 2266 1733 2339 “-τ.
1718 2142 1733 2183 -“
1719 2076 1728 2119 -’

1738 3188 1747 3207 .,
1726 3024 1759 3125 -,,,·“,,-,,
1733 2566 1762 2755 -ς.,-,.-,;.-.·
1734 2416 1763 2537 -„.-:-
1745 2362 1757 2389 --
1753 2276 1766 2307 .—-
1754 2238 1757 2245 .
1744 2108 1761 2193 .,.--
1747 2080 1750 2087 -

1663 3512 1668 3537 -
1662 2968 1689 3467 υθ-ἒέ-ἦτ-,τΠΤΞ-ἫΨ

1737 3562 1760 3637 ;-..
1742 3450 1759 3541 -.-..-
1721 3312 1759 3395 {³²7
1719 3200 1759 3297 ·*2-„27
