3742 5364
230 332 335 392 VIIBI
846 336 904 392 118

230 524 321 576 trom
351 516 355 594 Ι
385 513 540 576 Atiersio
570 513 748 584 desendui‚
792 511 850 594 pifi
872 543 883 577 r
906 529 982 573 tnun
1009 519 1187 586 lAtiedium
1232 522 1408 591 duodecim,
1455 540 1537 596 quas

230 635 332 696 reper
376 615 527 677 fratreca
573 625 713 694 parsest
757 634 852 675 erom
905 638 961 693 pro
1011 638 1042 673 re
1086 619 1218 693 conlegii
1262 639 1318 696 par
1358 622 1417 679 erit
1464 639 1536 679 esse

231 716 357 788 ehiato,
380 737 496 797 ponne
514 714 851 796 ivengartursiandu
904 721 1042 786 emissas,
1084 738 1151 777 cum
1197 722 1345 778 iuvencae
1389 723 1537 797 fugentur

331 928 348 981 2
376 922 460 1002 pls-i
477 942 545 996 ques
569 919 653 993 (nam
670 930 796 978 ‘veteres
821 921 954 976 dicebant
975 927 1002 976 et
1021 940 1092 994 quas
1115 927 1142 976 et
1158 941 1225 994 ques
1246 941 1342 997 gram.
1354 922 1398 980 IV
1409 943 1440 999 p.
1456 926 1532 1000 502,

233 1027 270 1083 15
284 1025 346 1094 K.),
368 1041 468 1098 neque
494 1024 574 1079 enim
597 1033 681 1080 certa
697 1032 749 1079 aut
765 1023 806 1078 ad
823 1041 914 1078 unam
935 1023 1145 1078 lustrationem
1162 1023 1305 1081 animalia
1320 1025 1533 1084 declarantur.

224 1132 355 1200 pareest:
376 1127 417 1182 ad
441 1127 570 1182 litteram
594 1125 737 1181 convenit
754 1124 891 1197 parrebz't
910 1143 1000 1198 quern
1023 1126 1064 1180 ad
1086 1126 1213 1181 modum
1235 1125 1308 1182 olim
1327 1127 1535 1201 scriptitatum

230 1229 263 1284 id
285 1229 409 1283 verbum
433 1245 503 1283 csse
527 1236 558 1283 et
581 1227 690 1282 Festus
715 1228 807 1282 docet
836 1221 962 1299 (parret
987 1227 1067 1299 qeead
1091 1232 1131 1282 est
1153 1227 1183 1281 in
1196 1225 1355 1304 formulis,
1386 1227 1489 1284 debuit
1508 1235 1539 1285 et

224 1331 370 1403 prodacta
385 1330 489 1402 pre'ere
509 1327 626 1401 syllaba
643 1328 840 1401 pronuntiari
856 1332 882 1383 et
902 1346 956 1383 non
977 1328 1094 1400 genuae
1112 1327 1144 1383 R
1158 1327 1251 1383 scribi
1267 1333 1300 1383 ut
1311 1326 1400 1401 fieret
1418 1323 1535 1403 ‘paret’

231 1432 311 1504 qued
330 1437 357 1486 et
375 1431 524 1486 tueantur
544 1430 574 1484 in
596 1424 754 1502 ‘comparet
780 1422 926 1505 apparet')
962 1438 992 1485 et
1025 1429 1166 1485 codicum
1197 1429 1324 1503 vestigia
1356 1426 1408 1504 (cf.
1438 1431 1534 1487 Probi

230 1543 320 1588 notas
336 1550 431 1605 gram.
444 1531 487 1587 IV
502 1551 531 1605 p.
545 1532 615 1597 275,
632 1534 664 1587 ll
684 1539 715 1585 et
732 1526 792 1602 12).
829 1549 899 1586 nam
916 1539 1005 1603 pars·
1029 1530 1121 1586 latine
1145 1530 1259 1587 factum
1275 1541 1323 1588 est
1340 1541 1440 1605 pam
1452 1531 1536 1589 sicut

231 1637 307 1687 turs·
328 1639 413 1700 terr·‚
446 1642 479 1689 ut
501 1651 518 1688 a
538 1651 627 1688 cursu
661 1631 843 1688 curriculum
875 1633 1038 1688 descendit
1068 1640 1100 1687 et
1128 1632 1262 1689 hirsutus
1291 1632 1461 1707 Hirrusque
1491 1632 1535 1689 ab

230 1732 318 1791 hirto,
363 1751 454 1808 porro
478 1751 557 1807 quae
579 1734 727 1807 scriptura
750 1751 812 1789 non
834 1706 932 1788 minus
955 1734 1085 1806 probata
1107 1741 1156 1788 cst
1179 1733 1312 1806 antiquis
1338 1734 1460 1808 iamque
1483 1750 1535 1790 re·

230 1842 321 1907 cepta
344 1835 373 1890 in
398 1835 561 1891 Bantinam
583 1834 719 1891 tabulam
746 1835 825 1890 circa
845 1853 871 1890 a.
897 1850 924 1890 u.
953 1849 1064 1889 ocxxx
1090 1840 1181 1906 paret
1203 1836 1244 1891 ad
1260 1840 1369 1907 parret
1389 1852 1459 1892 eam
1484 1853 1535 1892 ra·

230 1936 345 1992 tionem
377 1936 470 1992 babet
502 1954 593 2009 quam
623 1952 729 1991 oscum
760 1941 862 1990 teeram
893 1934 933 1989 ad
970 1934 1022 1991 lat.
1046 1941 1136 2000 terra,
1162 1934 1261 1990 Parus
1282 1944 1313 1991 et
1334 1936 1468 2009 gerulus
1489 1937 1535 1993 ad

224 2046 353 2110 parram
376 2047 407 2093 et
428 2039 601 2112 garrulum,
623 2038 692 2092 alim
714 2039 754 2092 ad
778 2037 867 2091 allum
891 2036 929 2093 al.
975 2045 1156 2093 structuram
1178 2037 1271 2111 plane
1293 2038 1425 2094 eandem
1452 2039 1535 2096 reci-

230 2139 318 2213 piunt
334 2145 453 2212 parrer!
471 2149 502 2195 et
519 2138 646 2212 parebit,
670 2139 763 2194 etiam
786 2137 845 2194 hoc
867 2139 1006 2210 congruit
1023 2139 1106 2212 quod
1127 2148 1289 2213 utrumque
1304 2139 1460 2214 proprium
1483 2147 1537 2196 est

230 2240 299 2296 iuris
323 2237 410 2322 (terii
433 2242 580 2296 consultas
601 2235 705 2312 ‘paret
729 2258 785 2294 nan
805 2233 905 2312 paret’
926 2237 1049 2312 habeta),
1082 2240 1338 2314 significationem
1360 2248 1466 2297 tamen
1487 2241 1536 2299 la·

231 2344 324 2400 tinum
349 2343 472 2399 verbum
495 2361 550 2415 per
571 2342 753 2398 iudiciorum
776 2352 808 2396 et
831 2341 1043 2414 quaestionum
1068 2343 1322 2399 consuetudinem
1355 2343 1397 2398 ita
1419 2342 1537 2399 immu-

230 2445 303 2501 tavit
328 2440 514 2518 (quiverat),
536 2453 569 2500 ut
591 2462 629 2498 nc
654 2444 732 2499 intra
754 2442 841 2499 huius
866 2444 991 2517 quidem
1014 2443 1090 2499 lines
1114 2445 1262 2500 sermonis
1285 2445 1389 2500 statim
1411 2443 1537 2519 perspi·

230 2545 292 2602 cias
315 2562 376 2619 quo
398 2554 490 2619 paeto
515 2547 554 2602 ad
578 2545 760 2618 obsequium
784 2544 914 2618 fideique
937 2545 1175 2617 praestationem
1198 2546 1332 2618 potuerit
1352 2561 1536 2601 accommo-

231 2648 296 2702 dari
319 2647 409 2705 idem.
449 2652 567 2719 pareest
587 2647 703 2701 indicat
725 2664 779 2719 pro
796 2655 882 2718 parte
900 2645 974 2700 virili
993 2647 1075 2718 quod
1094 2646 1248 2719 suscipere
1265 2655 1296 2702 et
1318 2646 1535 2702 incommune

230 2748 369 2805 conferre
393 2749 528 2804 debeant
553 2748 659 2804 fratres
683 2747 825 2803 officium.
870 2747 1042 2820 posuissem
1070 2746 1207 2819 oportebit
1233 2748 1290 2803 nisi
1317 2747 1376 2803 hoc
1403 2755 1537 2821 propter

230 2859 399 2906 structurae
423 2849 639 2924 aequalitatem
662 2849 702 2905 ad
724 2848 821 2904 laerter
843 2847 990 2903 adhibere
1013 2847 1104 2921 paulo
1127 2856 1199 2922 post
1221 2848 1396 2929 placuisset,
1420 2865 1536 2922 qua-m·

230 2968 321 3024 quam
345 2959 455 3007 natura
478 2967 514 3005 ac
538 2959 693 3023 potestate
717 2966 779 3005 non
802 2949 925 3022 paulum
951 2967 988 3004 ea
1007 2949 1181 3022 discrepare
1198 2956 1442 3006 consentaneum
1465 2957 1534 3007 est:

229 3051 326 3107 herter
348 3051 431 3125 qnod
455 3051 563 3106 scitum
587 3059 634 3106 est
656 3050 702 3104 vel
726 3050 871 3124 placitum
895 3045 964 3109 ἐπεὶ
988 3045 1108 3124 ἔδοξεν,
1126 3055 1244 3122 parsest
1263 3050 1349 3124 quod
1371 3049 1536 3123 oportebit

230 3152 293 3208 fieri
316 3148 397 3211 κατὰ
419 3148 476 3211 τὸν
499 3147 611 3225 νόμον.

330 3272 402 3309 eram
423 3253 526 3310 eliz'ate.
571 3252 648 3307 haec
672 3252 756 3308 simul
783 3269 850 3308 cum
873 3252 947 3308 colis
970 3252 1114 3326 proximis
1137 3262 1281 3309 accurate
1302 3253 1367 3309 eius
1390 3249 1443 3325 qui
1469 3251 1535 3308 iam

230 3356 260 3412 in
284 3355 496 3429 quaestionem
518 3353 600 3408 venit
623 3362 708 3408 actus
732 3352 897 3425 designant
921 3363 1050 3427 tempus.
1091 3363 1234 3427 peractus
1250 3354 1331 3409 enim
1354 3359 1385 3408 et
1403 3351 1534 3409 absolu·

231 3463 279 3512 tus
300 3455 347 3511 hic
369 3454 480 3510 dicitur
495 3469 554 3527 quo
578 3461 716 3526 tempore
740 3451 897 3524 fugaturus
913 3453 1024 3509 flamen
1042 3455 1186 3509 iuvencas
1205 3463 1263 3522 est,
1285 3463 1357 3509 ante
1373 3452 1422 3509 illa
1446 3471 1534 3528 quae

229 3565 390 3613 narrantur
413 3555 503 3612 Asi.
544 3552 671 3627 perfecti
694 3553 841 3608 infinitivo
863 3554 1000 3610 similiter
1015 3555 1116 3610 Latini
1140 3555 1305 3611 utebantur
1317 3553 1402 3609 ¹velut
1425 3552 1533 3612 Sallu·

230 3658 305 3714 stius
329 3657 392 3729 lug,
407 3658 466 3714 106
489 3655 595 3711 milites
617 3660 730 3709 cenatas
752 3673 816 3720 esse,
840 3655 871 3710 in
892 3656 993 3711 castrii
1009 3656 1090 3728 ignis
1104 3653 1184 3727 fieri,
1208 3657 1273 3711 dein
1288 3655 1404 3711 silentio
1425 3658 1538 3729 egredi

231 3759 316 3823 iubet,
338 3759 429 3814 moris
452 3767 518 3814 erat
539 3757 698 3812 edicentes
722 3756 858 3828 legemve
874 3758 1047 3813 sancientes
1071 3774 1132 3812 non
1151 3757 1296 3813 instantia
1318 3757 1375 3813 sed
1396 3755 1483 3815 facta
1496 3767 1535 3817 ut

230 3861 289 3916 hoc
311 3861 406 3916 modo
431 3867 642 3915 aversarentur
665 3859 767 3930 nequis
784 3857 959 3914 Bacchanal
978 3858 1113 3914 habrezise
1135 3859 1229 3915 vellet.
1271 3859 1346 3932 quid
1367 3857 1459 3932 igitur
1477 3877 1535 3917 ac·

231 3962 341 4018 cidisse
358 3961 487 4017 victimis
503 3960 677 4033 putabimus
694 3967 766 4015 ante
783 3977 875 4033 qnam
891 3969 1027 4016 extremo
1044 3961 1101 4016 ritu
1125 3962 1270 4016 sacerdos
1286 3956 1534 4033 defungeretur?

230 4080 268 4117 an
293 4061 339 4118 dis
363 4057 534 4118 mactatas?
562 4070 593 4117 at
616 4077 716 4134 neque
726 4059 843 4138 sariam
865 4078 966 4134 neque
989 4061 1080 4117 ullum
1103 4061 1186 4117 aliud
1210 4079 1247 4116 ex
1270 4069 1317 4117 tot
1340 4076 1420 4134 quae
1441 4060 1534 4117 novi·

229 4180 296 4220 mus
320 4163 512 4220 sacrificandi
533 4163 632 4218 verbis
655 4161 704 4217 hic
727 4174 865 4236 apparet.
921 4171 1012 4236 atque
1034 4163 1157 4218 omnino
1181 4162 1269 4218 huius
1292 4161 1414 4235 generis
1437 4162 1535 4236 quid-

230 4282 320 4338 quam
342 4266 372 4320 in
395 4264 475 4320 bunc
497 4264 596 4320 locum
619 4264 782 4320 convenire
804 4280 897 4336 nego,
922 4264 1014 4319 immo
1038 4282 1109 4320 vero
1133 4265 1204 4337 quia
1228 4263 1375 4319 tenaciter
1398 4270 1533 4339 arteque

229 4365 319 4422 ebr'am
344 4366 539 4422 convinctum
562 4373 610 4420 est
633 4383 701 4420 cum
726 4366 817 4421 boum
844 4366 1076 4439 persecutione,
1100 4365 1179 4420 hanc
1208 4365 1306 4439 ipsam
1334 4364 1417 4437 quod
1438 4382 1534 4439 prae-

229 4467 357 4523 munivit
378 4476 409 4523 et
432 4467 600 4523 antecessit
622 4466 654 4521 id
678 4467 721 4522 sic
744 4467 859 4523 dictum
882 4466 1019 4524 arbitror.
1064 4474 1175 4523 exacta
1202 4474 1305 4522 antem
1328 4474 1360 4522 et
1381 4475 1535 4542 exempta

169 4562 173 4571 '
228 4568 355 4624 vinculis
378 4577 408 4624 et
431 4569 543 4626 emissa
565 4570 701 4644 oportuit
723 4586 802 4643 quae
825 4587 916 4644 super
939 4569 1035 4624 forum
1053 4568 1229 4642 fugarentur
1251 4567 1403 4636 animalia,
1427 4584 1534 4645 eaque

229 4669 313 4742 plura
336 4670 376 4726 ibi
400 4688 491 4745 quam
515 4673 570 4730 tria
594 4671 732 4729 adfuisse
764 4690 833 4729 cum
854 4671 991 4748 peracre'a
1015 4672 1175 4746 genetivus
1198 4670 1277 4728 Ast
1303 4667 1403 4726 adfert
1426 4673 1535 4749 suspi-
