3742 5364
749 1147 950 1207 TABVLA
974 1148 1007 1206 V

326 1325 463 1382 Tabulas
479 1325 621 1398 lgnvinas
644 1324 833 1399 grammatici
850 1324 959 1380 eruditi
982 1324 1066 1380 haud
1088 1326 1131 1380 ita
1153 1316 1240 1381 m'ulti
1256 1335 1398 1392 tractant,
1422 1343 1537 1399 quam-.

230 1443 321 1500 quam
355 1426 396 1483 ad
428 1425 559 1498 origines
594 1443 758 1500 sacrasque
781 1426 981 1499 antiquitates
1014 1426 1151 1498 gentium
1173 1426 1348 1483 Italicarum
1381 1426 1528 1500 pervesti-

230 1527 349 1602 gandas
383 1525 498 1582 nullum
531 1535 617 1583 extat
649 1534 882 1582 monumentum
914 1525 970 1582 illis
994 1526 1095 1582 utilius
1119 1535 1151 1582 et
1174 1529 1214 1584 ad
1237 1529 1404 1584 enodanda
1432 1527 1529 1585 multa

230 1644 309 1702 quae
325 1627 522 1701 interpretem
546 1626 648 1684 adhuc
670 1627 834 1700 inpediunt
856 1626 981 1684 nomina
1000 1627 1223 1702 philologorurn
1239 1630 1370 1686 maxime
1387 1630 1530 1686 doctrina

230 1744 286 1784 usu
309 1727 433 1801 ingenio
457 1744 534 1800 opus
558 1737 614 1786 est.
648 1728 786 1802 experiar
809 1728 900 1801 igitur
922 1729 946 1784 si
969 1729 1096 1785 aliorum
1119 1745 1156 1785 ac
1178 1727 1308 1803 plurium
1331 1731 1373 1787 ad
1395 1731 1529 1787 eandem

229 1844 293 1884 rem
315 1828 441 1884 incitare
454 1829 557 1885 studia
578 1829 694 1903 possim
717 1828 776 1886 hoc
789 1831 895 1896 modu,
919 1838 952 1885 ut
975 1829 1066 1886 latine
1090 1846 1177 1886 versa
1190 1828 1334 1887 Vmbrica
1357 1848 1529 1906 proponam

230 1946 299 1985 cum
322 1929 405 1984 brevi
427 1931 657 1989 commentario.
701 1930 816 2003 sumpsi
839 1931 921 1986 enirn
944 1948 1007 1987 non
1030 1931 1123 1987 modo
1147 1931 1186 1988 ab
1210 1932 1254 1987 eis
1277 1932 1329 2006 qui
1350 1932 1422 1987 novi
1445 1930 1528 2005 laby-

232 2030 322 2086 rinthi
344 2029 440 2087 flexus
473 2039 507 2087 et
538 2031 683 2105 ambages
718 2032 805 2105 primi
827 2032 1002 2104 explicuere
1034 2041 1124 2089 caute
1147 2049 1183 2089 ac
1216 2032 1363 2098 sollerter,
1396 2027 1463 2088 ‘sed
1496 2040 1529 2089 ut

233 2133 362 2206 quisque
385 2131 502 2200 habuit,
525 2133 704 2190 conveniret
720 2134 804 2207 quod
826 2133 908 2201 mihi,
931 2135 1016 2207 quod
1031 2151 1080 2190 me
1103 2152 1166 2190 non
1188 2150 1280 2207 posse
1303 2133 1411 2190 melius
1427 2133 1528 2190 iacere

231 2226 367 2302 credidi',
396 2236 494 2291 verius
518 2244 623 2291 tamen
645 2235 751 2292 dixero
774 2253 837 2292 non
860 2235 1026 2309 sumpsisse
1049 2253 1098 2290 me
1121 2235 1179 2291 sed
1201 2235 1354 2291 invenisse
1377 2252 1456 2308 quae
1480 2235 1530 2291 alii

231 2333 292 2388 iam
325 2334 513 2392 invenerant.
558 2352 659 2409 neque
695 2335 746 2391 ubi
768 2336 860 2410 plana
893 2343 965 2391 sunt
987 2336 1078 2393 verba
1109 2352 1146 2390 ac
1169 2343 1329 2403 structura,
1361 2336 1529 2392 umbrieum

234 2451 326 2507 qnam
348 2435 476 2492 latinum
498 2453 671 2493 sermonem
687 2437 775 2510 sequi
797 2445 851 2494 aut
870 2437 973 2493 stricte
996 2438 1205 2510 tenaciterque
1221 2437 1410 2494 inhaerendo
1433 2455 1530 2510 nuga-

233 2535 326 2592 torias
344 2537 552 2594 cavillationes
576 2538 670 2594 vitare
694 2556 785 2613 quarn
808 2538 1015 2594 elocutionem
1037 2539 1231 2613 perspicuam
1246 2548 1277 2595 et
1300 2539 1443 2595 usitatam
1465 2538 1531 2594 imi-

234 2637 290 2693 tari
312 2637 414 2694 malui.
458 2639 577 2695 initium
600 2637 678 2696 facio
711 2638 749 2695 ab
782 2656 853 2695 aere
876 2640 1023 2713 quinto,
1055 2648 1088 2695 ut
1119 2640 1204 2712 quod
1227 2639 1343 2696 facilius
1378 2640 1417 2694 sit
1438 2657 1531 2712 quam

235 2748 339 2795 cetera
362 2740 403 2794 ad
425 2739 677 2815 intellegendum;
702 2758 829 2797 numero
853 2741 972 2796 tabulas
989 2741 1188 2815 exprimoque
1212 2758 1249 2795 ex
1271 2740 1452 2814 imaginibus
1466 2740 1531 2795 cdi-

234 2839 271 2897 tis
293 2840 325 2896 in
347 2839 506 2898 Auirechti
529 2849 560 2898 et
582 2841 750 2899 Kirchholfi
771 2842 857 2902 libr0.

275 3063 371 3126 Esuk
394 3063 503 3127 frater
524 3064 711 3148 Atiiediurl
732 3065 857 3146 eitipes
949 3069 997 3126 Ita
1046 3069 1153 3127 iratres
1191 3071 1304 3152 Atiedii
1335 3064 1339 3146 l
1382 3087 1531 3127 censuere

232 3164 406 3247 plenasier
439 3167 596 3229 urnasier
628 3165 796 3247 uhtretiel
818 3167 856 3231 T.
908 3172 1050 3244 plenariis
1087 3171 1215 3227 urnariis
1253 3172 1437 3227 auctoritate
1464 3165 1468 3249 l
1494 3172 1530 3232 T.

232 3268 271 3330 T.
316 3259 524 3332 Kastrusiie.
590 3267 745 3330 adfertur
793 3266 858 3348 pisi
910 3271 1049 3329 Castrnct
1096 3272 1132 3330 T.
1181 3272 1218 3330 t:
1316 3271 1427 3327 flamen
1480 3274 1533 3346 qui

332 3429 432 3487 Versu
457 3433 475 3488 2
499 3432 597 3504 eitrpes
622 3432 747 3488 verbnm
771 3442 818 3489 est
842 3442 978 3507 tempore
1001 3433 1149 3506 perlecto,
1182 3441 1215 3488 ut
1237 3430 1389 3488 Oscorum
1412 3440 1534 3504 nupsens

234 3531 382 3600 lecerunt,
405 3533 589 3591 Volscorum
611 3535 767 3590 sz'slz'aiz'ens
782 3544 964 3603 statuerunt,
988 3535 1077 3609 periit
1092 3535 1173 3590 enim
1188 3533 1300 3590 nasalis
1319 3541 1352 3589 ut
1374 3533 1404 3588 in
1421 3534 1534 3589 eiaz'czns

234 3633 324 3688 etaim
354 3633 441 3692 itent.
497 3636 696 3692 derivativum
729 3636 827 3710 magis
859 3653 952 3710 quam
979 3634 1222 3710 compositicium
1246 3635 1371 3690 verbum
1404 3635 1533 3703 videtur,

236 3734 312 3790 er'tua
335 3732 424 3792 Oscis
447 3737 579 3811 pecunia
600 3745 656 3806 est,
681 3738 723 3795 ad
745 3755 820 3812 opes
847 3755 884 3794 ac
912 3737 1010 3812 pretia
1042 3737 1134 3792 etiam
1168 3735 1263 3792 latina
1285 3736 1480 3792 existimandi
1502 3746 1535 3792 et

236 3836 383 3892 censendi
406 3838 499 3894 verba
521 3838 696 3913 respiciunt.
883 3908 887 3916 Ι

327 3937 486 4009 plenariae
508 3941 655 3996 urnarz'ae
677 3957 738 4014 quo
763 3949 900 4015 tempore
923 3941 1080 4012 modoque
1104 3939 1265 4012 collegium
1289 3939 1466 3995 convenerit
1489 3940 1535 3997 in·

234 4038 348 4096 dicant.
370 4057 428 4096 nec
445 4050 547 4097 tamen
571 4041 603 4096 id
626 4042 726 4115 ipsum
749 4042 860 4098 dicitur
882 4042 967 4115 quod
991 4041 1022 4096 in
1045 4041 1121 4097 actis
1138 4040 1256 4115 collegii
1270 4039 1402 4096 Romani
1414 4039 1532 4097 Aescu-

235 4138 306 4214 lapii
327 4148 358 4196 et
379 4140 499 4214 Hygiae
523 4137 631 4215 (Orelli
649 4137 745 4218 2417)
778 4148 912 4200 conventu
938 4143 1027 4215 pleno
1056 4143 1111 4215 qui
1139 4142 1199 4197 dies
1221 4140 1292 4219 suti
1321 4140 1347 4196 V
1363 4142 1402 4198 id.
1426 4139 1534 4208 Mart„

235 4241 292 4296 sed
325 4239 480 4315 plenariae
515 4242 656 4297 urnariae
678 4243 717 4298 ab
751 4243 955 4310 sextantariis‚
991 4243 1100 4317 quibus
1135 4240 1323 4298 sacrificasse
1358 4239 1465 4297 fratres
1488 4251 1535 4299 ta·

233 4339 357 4395 bulaIII
379 4341 537 4406 docemur,
562 4340 605 4396 sic
622 4341 765 4398 differunt
787 4351 821 4398 ut
834 4342 936 4398 librilis
959 4359 992 4398 as
1005 4343 1043 4398 ab
1060 4341 1258 4409 sextantario,
1283 4350 1406 4397 sextans
1429 4351 1535 4401 autem

233 4440 325 4497 librae
342 4458 412 4516 pars
428 4451 476 4499 est
493 4447 592 4498 sexta.
630 4442 730 4516 ipsum
743 4444 925 4501 vocabulum
947 4444 1088 4500 latinitati
1111 4461 1173 4499 non
1197 4443 1327 4499 accessit
1351 4443 1407 4498 nisi
1429 4443 1534 4502 infimo

232 4549 378 4616 tempore,
400 4544 456 4599 sed
478 4551 513 4596 ut
541 4541 777 4602 inveterasceret
800 4563 857 4602 usu
880 4554 974 4619 atque
997 4545 1090 4600 etiam
1112 4543 1143 4598 in
1164 4544 1313 4599 orientem
1336 4555 1534 4616 commearet,

230 4641 311 4698 velut
339 4643 369 4698 in
391 4638 540 4701 Basilicis
573 4641 781 4703 immunitates
810 4646 874 4703 dari
907 4646 1033 4721 legimus
1064 4637 1194 4718 μερικὰς
1215 4659 1249 4703 τε
1272 4640 1324 4703 καὶ
1346 4641 1533 4721 πληναρίας.
