3742 5364
230 327 340 387 vnto
357 329 418 387 ΙΑ3
853 330 892 385 62

231 509 285 572 cla
311 510 474 583 arsveitu,
509 511 606 573 arvio
636 510 718 573 fetu.
764 509 889 592 estetsi
904 517 1023 584 addito,
1059 517 1141 573 arvia
1176 516 1278 576 tacito.
1332 518 1422 573 istam
1441 515 1448 591 Ι
1466 534 1535 573 rem

230 719 386 785 evaderet,
421 720 534 776 vocalis
569 720 642 777 fecit
664 721 835 793 intercepta
856 730 1001 794 tanquam
1033 722 1063 776 in
1081 721 1223 794 prriraktu
1246 721 1275 776 II
1293 722 1317 776 A
1335 723 1385 778 28.
1430 737 1534 777 neca

231 818 324 873 sacrIs
348 817 406 872 fixa
429 838 528 877 neca
551 820 617 876 libis
643 820 807 875 abhorrere
831 822 937 876 credet
960 821 1010 894 qui
1039 820 1196 894 deligendi
1219 821 1400 893 religionem
1422 821 1534 877 memi-

231 918 308 972 nerit
330 926 361 974 et
383 915 566 993 μελίπηκτα.
612 922 641 976 in
658 921 774 977 Latinis
798 921 912 976 fitillam
936 921 1033 994 posui,
1057 940 1119 977 non
1143 939 1204 994 quo
1228 939 1333 996 parem
1349 938 1419 978 eam
1442 920 1533 978 fictae

231 1019 445 1087 existimarem,
469 1038 652 1095 quamquam
675 1030 778 1095 potest
800 1023 866 1096 ipsa
889 1039 1012 1096 quoque
1035 1031 1068 1077 ut
1090 1022 1180 1078 livere
1197 1032 1228 1077 et
1240 1021 1330 1078 fibula
1352 1021 1437 1078 dicta
1459 1039 1533 1078 esse

231 1137 248 1174 a
272 1119 394 1193 figendo
418 1121 556 1195 falsoque
580 1124 663 1196 apud
686 1122 813 1179 Plinium
835 1122 942 1178 XVIII
958 1124 998 1180 84
1021 1122 1189 1178 etiamnum
1212 1122 1314 1178 frillita
1336 1123 1447 1190 editur,
1471 1124 1533 1179 sed

230 1227 263 1275 ut
282 1210 381 1277 ¹vicem
405 1222 491 1278 liciae
515 1231 763 1296 repraesentaret
796 1224 839 1278 rei
872 1224 902 1278 in
937 1223 1042 1297 priscis
1067 1223 1160 1278 sacris
1183 1224 1272 1279 tritae
1300 1240 1412 1278 nomen
1436 1224 1533 1280 obso-

230 1320 332 1378 letum.
378 1324 529 1380 Arnobius
562 1323 675 1382 V1124
710 1325 785 1398 quid
796 1324 907 1398 fitilla,
941 1325 1014 1398 quid
1023 1321 1167 1398 frumen,
1201 1325 1276 1396 qaid
1296 1319 1417 1398 africia,
1454 1324 1535 1397 quid

227 1424 369 1495 gratilla,
393 1431 558 1490 catumeum,
583 1426 779 1497 cuntrpoliam,
803 1424 909 1481 cabula
934 1424 1079 1500 (fortasse
1102 1421 1261 1497 subuclaj?
1283 1442 1323 1478 ex
1337 1403 1452 1497 ¹quibus
1471 1425 1533 1480 dua

229 1542 304 1596 quae
319 1525 421 1597 prima
444 1532 519 1593 sunt,
545 1527 674 1598 pialtium
698 1527 814 1581 nantino
836 1528 887 1581 sed
914 1546 1021 1601 genere
1049 1532 1076 1581 et
1103 1527 1244 1599 qualitate
1278 1527 1407 1593 draersa,
1440 1529 1535 1584 serras

231 1642 298 1679 aero
322 1645 395 1697 qaae
416 1628 549 1698 sequitur
571 1626 697 1683 liborum
729 1627 946 1701 significantias
979 1629 1108 1694 continet,
1145 1634 1172 1682 el
1201 1629 1271 1701 ipsis
1304 1629 1376 1684 enim
1412 1647 1468 1684 non
1491 1635 1537 1684 est

232 1743 290 1779 una
311 1727 461 1799 eademque
474 1726 624 1804 foratatia

330 1829 369 1884 56
393 1829 480 1883 arzu'a
503 1828 634 1884 adhibeto
657 1830 763 1886 tabula
786 1830 810 1896 I,
835 1831 921 1886 araia
938 1828 1039 1906 sace'to
1062 1829 1093 1884 in
1115 1830 1249 1885 eandem
1271 1829 1457 1885 sententiam
1477 1828 1532 1888 Vl.

230 1926 334 1999 inepte
358 1929 399 1983 ad
421 1938 492 1985 exta
515 1930 703 1987 victimarum
725 1931 757 1986 id
781 1949 894 1986 nomen
924 1930 1104 1986 rettulerunt
1138 1937 1354 2003 comparantes
1390 1947 1459 1986 cum
1481 1947 1533 1986 ar·

152 2029 155 2034 ’
231 2028 310 2096 uiua,
345 2048 414 2087 nam
438 2015 626 2088 extrinsecus
661 2032 805 2088 advenire
839 2032 921 2088 arvia
948 2033 977 2087 in
1011 2032 1190 2088 sacrificium
1213 2048 1272 2086 nec
1294 2048 1387 2104 posse
1409 2040 1533 2105 partem

232 2146 300 2186 esse
322 2130 441 2188 hostiae
464 2135 624 2207 perspicue
648 2135 741 2190 docet
764 2135 868 2191 tabula
891 2134 921 2189 II
939 2134 963 2188 A
984 2136 1020 2191 18
1045 2133 1094 2189 ubi
1118 2134 1149 2188 ln
1171 2140 1320 2205 apparatu
1342 2132 1385 2187 rei
1405 2132 1533 2190 divinae

231 2241 428 2288 numerantur
450 2235 565 2307 primus
589 2236 717 2302 catuluS,
742 2243 806 2291 tum
829 2235 920 2301 arvia,
944 2244 1043 2289 strues
1060 2242 1090 2288 et
1103 2233 1179 2298 tiela,
1205 2233 1309 2289 ultima
1329 2251 1411 2307 pune
1427 2234 1534 2291 vinum

232 2333 275 2386 sal
301 2351 369 2389 cum
392 2335 592 2408 supellectile.
637 2337 718 2391 arvia
741 2337 779 2390 ab
802 2335 879 2390 arvis
903 2342 1023 2407 sumpta
1046 2342 1115 2388 sunt
1140 2333 1218 2389 sarra
1245 2332 1291 2388 vel
1316 2332 1432 2409 fruges,
1463 2336 1534 2409 qui-

233 2435 288 2490 bus
311 2435 429 2491 Romae
453 2438 530 2492 deos
554 2437 655 2492 colere
679 2437 777 2493 Numa
800 2437 930 2492 instituit
950 2434 1079 2508 (Plinius
1101 2434 1207 2490 XVIII
1225 2430 1256 2509 7)
1290 2452 1349 2491 nee
1384 2452 1534 2509 umquam

231 2536 350 2591 desiere
375 2536 482 2592 fratres
507 2536 631 2592 Arvales
655 2539 747 2594 modo
765 2537 890 2592 libando
906 2536 1000 2591 modo
1018 2536 1127 2591 virides
1144 2543 1174 2591 et
1196 2535 1299 2591 aridas
1317 2536 1533 2609 confingendo

232 2655 285 2709 per
309 2638 375 2693 dies
399 2655 503 2693 saeros
526 2640 606 2693 deae
630 2638 717 2696 Diae.
763 2638 937 2693 Vmbricum
959 2638 1047 2692 ritum
1081 2637 1196 2709 optime
1230 2636 1361 2693 illustrat
1383 2636 1533 2694 Varronis

232 2738 346 2793 dictum
371 2740 410 2793 de
435 2738 451 2795 l.
478 2739 529 2795 lat.
554 2739 581 2795 V
608 2742 665 2797 104
690 2737 874 2813 siarraantam
906 2739 982 2810 quod
1006 2739 1048 2792 ad
1072 2743 1142 2792 exta
1177 2739 1324 2811 ollicaqua
1355 2738 1429 2793 salet
1448 2739 1534 2808 addi,

231 2857 271 2893 ea·
292 2841 369 2894 mola
392 2841 426 2895 id
445 2847 486 2895 est
506 2843 626 2897 exsule
649 2848 675 2896 et
686 2841 780 2918 sarri
803 2840 903 2896 atatim.
949 2858 1006 2895 nec
1030 2839 1120 2895 ullum
1145 2840 1211 2895 sine
1235 2840 1294 2895 hoc
1317 2839 1414 2912 Iguvii
1437 2840 1534 2897 sacri-

232 2939 331 2996 ficium
353 2942 408 2997 luit
431 2943 607 3016 antiquitus,
632 2944 832 2998 condimenta
847 2949 950 2997 autem
964 2941 1165 3014 prosiciarum
1194 2948 1225 2996 et
1247 2940 1374 2997 bellaria
1397 2957 1477 3014 quae
1499 2941 1534 2998 in

231 3041 333 3097 tabula
356 3042 399 3097 VI
420 3044 606 3117 imperantur
627 3044 658 3098 in
681 3061 752 3098 aere
774 3043 939 3098 vetustiore
962 3059 1058 3116 prope
1079 3059 1231 3114 nusquam
1254 3049 1415 3115 apparent.

331 3146 370 3200 57
394 3150 480 3199 aataa
492 3144 595 3222 serim
608 3143 686 3220 fetu.
731 3143 808 3199 haec
832 3144 861 3198 in
886 3143 989 3200 tabula
1012 3142 1055 3198 VI
1080 3143 1168 3216 quasi
1201 3141 1417 3216 appendicula,
1450 3142 1535 3230 inter

229 3243 341 3318 primas
366 3245 566 3301 caerimonias
589 3246 701 3301 rectius
725 3245 888 3302 conlocata
912 3245 1031 3301 videtur
1054 3245 1083 3299 ln
1106 3243 1130 3303 I.
1154 3262 1227 3300 nam
1250 3244 1275 3299 si
1299 3244 1532 3317 comparaveris

233 3345 379 3401 adversus
414 3345 491 3403 haec
514 3346 607 3403 verba
630 3365 707 3419 quae
728 3346 895 3403 inseruntur
917 3346 948 3401 in
971 3345 1047 3401 suilli
1075 3344 1214 3402 sacrificii
1237 3344 1458 3418 descriptione,
1483 3345 1534 3402 vix

232 3446 387 3502 dubitabis
421 3448 491 3520 quin
525 3449 639 3504 caedes
674 3449 847 3505 animalium
878 3456 1020 3520 tangatur
1055 3465 1172 3503 nexave
1207 3464 1224 3501 e
1256 3446 1354 3502 caede
1380 3445 1533 3519 operatio,

232 3555 322 3620 putes
344 3548 576 3606 instrumentum
598 3559 791 3624 gestumque,
812 3550 906 3606 hostia
929 3548 1081 3605 caelitibus
1103 3568 1160 3622 quo
1174 3547 1304 3626 seriente
1326 3548 1419 3605 cadat.
1462 3546 1534 3605 aliis

232 3648 371 3704 nimirum
394 3650 468 3706 alias
492 3651 700 3709 instrumentis
724 3653 887 3708 utebantur
899 3652 939 3706 ad
952 3651 1184 3725 percutiendum
1204 3658 1235 3706 et
1256 3647 1464 3715 mactandum,
1489 3647 1535 3703 la-

232 3750 302 3823 pide
325 3750 453 3807 dolabra
476 3753 584 3808 malleo
601 3755 752 3827 secespita
772 3754 869 3810 securi
885 3752 991 3818 cultr0‚
1014 3769 1117 3826 neque
1130 3746 1316 3811 ὑπετίθεεαν
1336 3768 1456 3824 semper
1471 3747 1534 3812 τὰ(

232 3848 396 3925 (potibat.
442 3862 473 3909 et
494 3854 524 3909 in
545 3856 664 3929 graecis
688 3856 778 3911 titulis
802 3863 939 3910 narratur
962 3853 1171 3910 sacrificantes
1192 3870 1251 3926 qua
1266 3854 1385 3910 ratione
1401 3852 1533 3910 arietem

232 3953 278 4008 vel
302 3971 386 4010 suem
402 3956 587 4027 exanimem,
608 3957 689 4013 velut
705 3956 808 4013 Cereri
830 3957 953 4029 quando
970 3955 1002 4011 tit
1018 3955 1136 4011 duabus
1160 3954 1263 4022 subuS,
1286 3955 1380 4012 altera
1391 3952 1533 4027 gravida,

231 4053 336 4126 νῶτογ
359 4051 510 4116 κόπτεται
532 4058 589 4132 τῆς
606 4055 792 4133 ἐγκύμονος,
816 4075 923 4130 quare
940 4057 1010 4113 olim
1026 4075 1043 4112 a
1059 4056 1197 4112 feriendo
1205 4052 1311 4130 sermo
1327 4056 1359 4112 id
1374 4063 1422 4111 est
1439 4054 1533 4113 ferio·

231 4175 302 4213 nem
316 4156 445 4213 Vmbros
462 4159 576 4215 dixisse
599 4161 723 4233 sumpsi,
747 4160 804 4216 etsi
820 4161 860 4216 ad
876 4158 1108 4233 grammaticam
1125 4157 1275 4213 rationem
1298 4156 1416 4213 fatebar
1431 4174 1533 4232 aeque

231 4259 427 4332 probabIIiter
450 4262 546 4334 repeti
570 4281 588 4317 a
610 4261 748 4324 serendo.
787 4261 901 4334 reliqua
925 4259 1065 4332 exempla
1088 4258 1163 4314 lucis
1187 4257 1259 4313 nihiI
1276 4257 1452 4314 adfundunt
1474 4260 1534 4316 nisi

232 4362 309 4416 forte
332 4360 378 4416 III
395 4363 443 4432 31,
477 4363 528 4419 ubi
545 4381 612 4419 cum
633 4363 777 4436 seriptum
800 4361 949 4444 sit'sakre
971 4367 1058 4416 notra
1071 4358 1175 4437 semite
1187 4356 1281 4434 scitu,
1310 4359 1400 4415 eruku
1422 4361 1533 4418 aruaia

222 4461 314 4538 scitu,
333 4462 465 4536 obstipui
488 4481 591 4520 eorum
616 4464 788 4519 temeritate
804 4464 853 4537 qui
877 4480 940 4518 non
962 4462 1141 4534 intellegere
1165 4479 1197 4516 se
1221 4461 1345 4534 quidem
1367 4461 1416 4517 illa
1438 4465 1533 4521 verba

231 4562 411 4637 profitentur
432 4571 464 4620 et
488 4571 592 4621 tamen
613 4572 733 4621 mutant
752 4564 782 4620 in
799 4569 922 4631 uatuaa,
946 4579 1131 4637 quamquam
1154 4563 1184 4618 in
1205 4562 1373 4618 litteratura
1394 4564 1533 4622 umbrica

230 4663 312 4720 nulla
334 4673 382 4722 est
406 4665 512 4722 harum
533 4675 675 4745 notarum
697 4666 864 4725 similitudo
887 4683 990 4740 neque
1011 4666 1044 4720 in
1063 4665 1124 4720 ullo
1148 4662 1295 4720 sacrificio
1319 4666 1405 4738 quod
1424 4675 1533 4740 persae
