3742 5364
136 337 139 344 ·
228 319 308 378 1113
854 318 914 374 124

228 521 271 563 eu
284 498 403 581 esunul
415 519 475 561 esu
487 508 624 560 naratu:
633 497 732 578 ‘pede
739 496 849 558 karne
871 521 883 557 a
900 518 938 556 ea
952 492 1053 575 sacra!
1065 501 1109 556 sic
1119 508 1257 557 narrato:
1273 493 1436 573 ‘quidquid
1449 499 1539 555 carni

229 600 382 680 speturie
405 597 558 661 Atiiedie
587 597 749 660 aviekate
769 604 773 672 Ι
793 597 849 658 aiu
901 601 1073 674 spectoriae
1091 601 1234 657 Atiediae
1250 592 1538 676 auspicataelago-

228 711 308 763 urtu
350 699 475 772 fetare,
531 698 604 763 fetu
638 719 726 780 puze
771 696 851 778 neip
904 703 955 758 nia
977 710 1044 758 orta
1061 701 1203 768 turbavit,
1226 700 1321 757 facito
1338 702 1428 775 quasi
1447 701 1539 777 quod

231 907 432 966 narraculum.
467 907 556 982 signa
578 907 707 962 deorum
730 905 993 980 interpretumque
1015 922 1167 979 respousa
1189 922 1272 961 nunc
1297 906 1437 961 secunda
1461 912 1540 961 sunt

232 1027 312 1065 nunc
326 1010 467 1077 adversa,
493 1008 582 1064 uobis
598 1009 683 1082 quod
705 1008 786 1063 bene
802 1015 900 1063 vertat
915 1023 1084 1080 precamur,
1107 1006 1174 1063 aliis
1188 1007 1274 1079 quod
1287 1004 1378 1072 male,
1397 1003 1540 1063 hostiam

230 1127 299 1166 cum
324 1110 391 1183 quis
413 1109 582 1166 immolavit
604 1109 694 1165 bonis
717 1108 838 1175 avibuS,
862 1116 967 1181 potest
989 1107 1053 1163 lieri
1076 1116 1216 1163 extorum
1239 1106 1369 1163 mutatio
1404 1101 1538 1180 (Cicero

231 1211 272 1267 de
295 1211 385 1270 divin.
409 1207 469 1285 11§
483 1208 547 1285 35),
570 1218 676 1285 potest
698 1215 811 1265 aortum
834 1209 1004 1266 noraklum.
1042 1210 1141 1265 dirum
1164 1208 1197 1264 id
1220 1224 1311 1264 omen
1328 1214 1385 1274 est,
1409 1216 1539 1265 contra·

230 1311 306 1368 rium
329 1312 367 1368 illi
392 1313 476 1386 quod
500 1311 635 1368 laudavit
658 1310 796 1366 Tibullus
820 1310 924 1378 111,5
959 1310 1042 1365 viden
1074 1314 1107 1365 ul
1121 1307 1268 1387 felicibus
1290 1308 1368 1364 extis
1389 1306 1543 1382 significet

223 1412 358 1484 placidos
380 1413 486 1467 nuntia
502 1411 584 1485 fibra
608 1409 694 1468 deos?
716 1421 779 1467 tum
802 1427 883 1468 nova
905 1410 1007 1467 hostia
1031 1427 1108 1484 opus
1131 1418 1179 1466 est
1202 1426 1264 1483 qua
1283 1409 1394 1477 litetur,
1417 1408 1539 1467 accidit

230 1513 312 1589 enim
335 1531 432 1588 saepe
454 1513 485 1568 di
507 1521 541 1568 ut
564 1512 667 1586 primis
689 1511 843 1567 minentur
866 1511 954 1578 extis,
990 1512 1070 1567 bene
1094 1511 1277 1586 promittant
1299 1509 1445 1567 secundis
1469 1505 1539 1581 <Ci-

232 1631 303 1671 cero
326 1614 442 1670 ibidem
466 1616 505 1672 38
529 1612 694 1669 Suetonius
718 1613 797 1686 Aug.
822 1614 860 1670 96
884 1610 1014 1668 Henzen
1037 1621 1095 1671 act.
1122 1611 1192 1669 Arv.
1217 1631 1246 1687 p.
1261 1607 1326 1686 29).

333 1715 351 1772 3
375 1713 560 1770 sententiam
583 1713 753 1787 flagitamus
778 1712 888 1772 talem:
910 1713 1060 1787 quidquid
1081 1713 1143 1768 vitii
1166 1712 1280 1769 sactum
1303 1720 1360 1781 est,
1384 1712 1540 1770 infectum

233 1815 366 1873 redditu.
401 1812 510 1892 sesme
533 1815 658 1870 verbum
681 1832 743 1871 non
766 1815 866 1888 potuit
888 1833 951 1870 non
979 1823 1119 1889 tempore
1150 1814 1288 1888 perlecto
1312 1814 1426 1881 efferri,
1461 1834 1540 1873 nam

234 1923 305 1973 acta
326 1933 374 1972 res
398 1925 446 1973 est
467 1933 558 1990 quam
581 1915 624 1972 sic
649 1915 865 1989 deprecantur,
889 1932 951 1970 non
974 1915 1093 1971 instans
1117 1925 1170 1971 aut
1194 1915 1304 1982 sutura,
1331 1915 1541 1991 perfectaque

232 2018 375 2092 leguntur
396 2017 426 2072 in
450 2015 598 2072 simillima
622 2014 750 2071 formula
774 2014 815 2070 Vl
832 2016 858 2072 A
877 2017 915 2073 26
930 2033 985 2074 ss:
1020 2016 1170 2090 quidquid
1194 2015 1330 2072 incendii
1353 2023 1454 2072 ortum
1476 2025 1540 2085 est,

236 2119 488 2181 caerimoniarum
518 2117 664 2173 omissum
695 2125 759 2179 est,
788 2118 909 2173 inritum
940 2117 1042 2174 facito.
1084 2134 1122 2172 ex
1150 2135 1212 2190 qua
1236 2117 1323 2173 simul
1352 2116 1542 2192 perspicitur

234 2238 352 2278 errasse
376 2219 427 2294 qui
441 2215 550 2296 sesure
571 2226 785 2291 comparantes
808 2235 878 2275 cum
897 2216 1010 2295 surani
1030 2236 1048 2273 a
1061 2217 1106 2295 su
1129 2219 1246 2274 duxere
1269 2226 1362 2292 atque
1385 2218 1414 2273 in
1439 2236 1539 2275 unum

235 2323 458 2381 coniunxerunt
480 2326 549 2375 artu
561 2317 678 2396 quure,
703 2319 746 2375 sic
770 2320 850 2375 enim
872 2337 1002 2376 necesse
1026 2328 1092 2375 erat
1116 2319 1207 2375 scribi
1230 2325 1300 2374 urla
1321 2324 1369 2377 set.
1407 2318 1540 2393 pluralis

237 2422 354 2480 numeri
376 2420 490 2476 nullum
511 2420 603 2475 verbo
627 2419 748 2493 signum
771 2420 872 2488 adest,
896 2421 1079 2494 singularem
1102 2421 1193 2495 igitur
1209 2422 1328 2495 accipio
1348 2439 1439 2496 quem
1461 2439 1540 2497 pro-

237 2541 351 2580 nomen
374 2530 460 2594 regat
482 2521 579 2594 primo
603 2538 677 2576 casu
699 2520 844 2595 positum.
890 2539 908 2576 a
932 2518 1010 2597 sur·
1036 2522 1208 2597 perlectum
1235 2523 1397 2580 descendit
1414 2519 1541 2600 fesur·,

236 2625 352 2682 tertiae
368 2639 520 2697 personae
543 2622 676 2678 litteram
701 2631 889 2697 postremam
902 2624 1007 2682 Vmbri
1028 2625 1207 2699 plerumque
1230 2625 1437 2692 detraxerunt,
1461 2624 1540 2681 item

235 2726 336 2784 Latini
358 2725 430 2782 olim
451 2724 482 2779 in
505 2725 581 2782 dede.
614 2725 700 2780 notio
716 2725 800 2780 verbi
816 2743 878 2781 non
893 2735 999 2799 potest
1017 2725 1074 2781 nisi
1097 2743 1135 2781 ex
1154 2724 1437 2783 circumiacentibus
1459 2744 1541 2783 enu-

228 2827 337 2885 cleari.
369 2826 420 2881 azia
443 2832 512 2881 urta
527 2825 620 2882 latine
636 2826 807 2882 reddideris
824 2828 894 2901 agio
912 2834 985 2893 orta,
1009 2827 1162 2884 intercidit
1178 2828 1259 2883 enim
1274 2825 1434 2901 gutturalis
1453 2828 1541 2885 utin

226 2927 344 3006 sertula
366 2927 459 2982 uitulo
474 2926 519 2982 ΙΙΙ
535 2928 583 2994 13,
607 2945 686 3000 quae
705 2927 798 2983 verba
812 2928 879 3002 ipsa
892 2928 1076 3002 compositio
1090 2937 1121 2984 et
1137 2928 1239 3001 graeci
1256 2928 1401 3003 latinique
1418 2908 1548 2986 sermoss

236 3028 282 3083 nis
305 3029 499 3083 consuetudo
517 3029 708 3085 demonstrat
724 3045 793 3084 esse
806 3027 934 3106 seranta
953 3036 1069 3103 arguam.
1101 3031 1161 3087 iam
1178 3031 1278 3104 agium
1294 3031 1444 3105 quispiam
1461 3048 1541 3088 con-

237 3130 331 3185 latum
354 3146 421 3184 cum
445 3129 560 3202 adagio
581 3130 724 3203 prodigio
749 3132 918 3187 axamentis
941 3141 1088 3205 tanquam
1106 3133 1198 3188 verba
1220 3133 1350 3189 effatave
1373 3140 1425 3189 aut
1447 3152 1542 3190 mon-

237 3238 300 3286 stra
323 3229 515 3303 interpretari
541 3231 612 3286 velit
636 3239 667 3287 et
690 3232 731 3288 ad
753 3234 942 3289 narraculum
961 3242 1033 3290 ante
1058 3235 1202 3308 scriptum
1226 3243 1332 3309 aptare
1355 3234 1415 3291 hoc
1436 3236 1540 3293 modo

239 3332 388 3405 quidquid
406 3327 512 3386 ostenta
533 3339 596 3388 orla
619 3333 769 3402 excalciari,
790 3320 897 3390 lereor
920 3344 1023 3391 autem
1045 3352 1084 3391 ne
1110 3334 1229 3391 fallatur
1249 3336 1315 3417 ille..
1338 3354 1410 3393 uam
1432 3353 1542 3411 segre-

236 3434 372 3506 gandum
395 3433 448 3487 aiu
471 3451 534 3489 non
558 3442 606 3490 est
629 3453 647 3491 a
671 3436 856 3508 cognomine
879 3453 939 3510 quo
963 3437 994 3491 di
1017 3437 1047 3492 in
1070 3436 1129 3493 hoc
1153 3437 1302 3493 sacrificio
1324 3455 1378 3511 pro
1399 3437 1541 3511 ipsorum

237 3535 314 3590 aium
337 3535 410 3590 vitio
435 3534 591 3590 delictisve
614 3535 803 3604 invocantur,
827 3538 865 3591 ab
883 3536 961 3592 aaa
979 3537 1050 3592 luza
1070 3546 1101 3593 et
1118 3537 1196 3592 Alata
1213 3536 1322 3603 Martr',
1345 3536 1405 3594 hoc
1419 3554 1541 3597 nomen

237 3636 336 3693 divelli
358 3653 420 3691 non
440 3644 545 3709 potest
568 3635 606 3691 ab
629 3635 840 3714 natalitiam
865 3638 948 3711 quod
973 3638 1014 3694 ad
1038 3638 1191 3694 actionem
1217 3655 1335 3694 sacram
1357 3647 1389 3694 et
1405 3640 1541 3712 agonias

234 3737 387 3812 pertinere
411 3737 627 3811 operantisque
650 3739 865 3794 caerimoniam
888 3739 1046 3796 declarare
1068 3757 1097 3813 p.
1109 3741 1148 3797 88
1166 3741 1303 3812 exposui,
1329 3741 1413 3813 quod
1433 3741 1473 3796 ab
1490 3744 1543 3801 az'o

236 3857 308 3912 nego
328 3857 363 3895 ae
385 3837 530 3894 similibus
554 3855 650 3913 usque
674 3856 793 3913 quaque
815 3842 968 3899 abhorret.
1011 3841 1115 3913 itaque
1136 3842 1187 3896 aiu
1206 3858 1330 3915 quoque
1349 3841 1390 3895 ad
1406 3842 1541 3914 agonias

236 3938 416 4013 pecorisque
433 3939 673 4025 immolationem
688 3939 815 4013 lagona?
836 3941 888 3997 hoc
903 3935 970 4018 age)
994 3941 1186 3998 referendum
1207 3960 1330 4009 censeo,
1354 3959 1541 4016 comparan-

237 4040 309 4095 dum
334 4039 434 4112 agriam
458 4057 525 4095 cum
548 4042 658 4114 exagio
683 4043 769 4116 quod
799 4059 913 4098 nomen
938 4044 976 4099 ab
1000 4044 1124 4117 agendo
1148 4044 1302 4117 exigendo
1325 4051 1455 4100 tractum
1478 4054 1542 4115 est,

236 4141 468 4213 adiungendum
489 4158 605 4197 nomen
626 4125 682 4198 illis
700 4143 809 4218 quibus
828 4161 982 4200 sacromm
1006 4144 1195 4201 sollemnium
1219 4145 1317 4201 varios
1338 4144 1453 4219 gradus
1470 4145 1543 4204 Itali

237 4241 469 4314 distinguebant
493 4250 525 4297 ut
560 4244 643 4316 quod
670 4261 735 4299 rem
765 4245 899 4300 divinam
929 4245 1056 4301 victimis
1084 4255 1241 4319 peractam
1268 4245 1342 4301 citra
1365 4244 1542 4306 litationem

238 4340 396 4415 significet.
443 4347 507 4396 orla
531 4359 593 4398 non
616 4344 743 4400 multum
778 4346 896 4402 distant
926 4364 944 4400 a
968 4346 1086 4419 coeptis
1111 4346 1192 4402 velut
1223 4347 1248 4403 si
1278 4346 1402 4401 dicimus
1437 4345 1544 4407 lucem

238 4443 316 4510 oriri,
340 4460 522 4510 sermonem,
548 4445 686 4503 caedem.
732 4445 801 4502 hinc
825 4447 849 4501 si
872 4447 1048 4503 revertimur
1072 4448 1112 4502 ad
1125 4447 1242 4525 sesam,
1274 4448 1421 4503 idoneum
1442 4447 1542 4511 inter·

237 4545 369 4618 pretanti
392 4545 536 4601 auxilium
562 4545 661 4601 lerunt
693 4546 786 4602 latina
800 4547 928 4625 forare,
962 4565 1032 4602 nam
1054 4558 1184 4622 potuere
1219 4568 1273 4624 per
1303 4546 1543 4607 translationem

238 4661 317 4718 quae
341 4645 381 4700 ad
402 4645 493 4701 finem
518 4663 581 4701 non
602 4647 814 4719 pervenissent
837 4648 960 4705 adfecta
983 4666 1085 4722 neque
1108 4648 1228 4723 integra
1260 4659 1292 4705 ut
1314 4648 1417 4705 Latini
1439 4649 1544 4708 incisa
