3742 5364
850 329 911 387 174

230 512 352 571 rechtus
368 520 400 569 et
417 512 553 588 Buggius
577 520 809 588 perspexerunt,
832 513 902 569 vide
918 532 948 589 p.
966 516 1004 573 76
1018 523 1050 570 et
1061 515 1112 574 57.
1157 531 1235 588 opus
1258 521 1335 589 quot
1356 513 1538 573 constiterit

229 614 370 682 nummis
393 632 494 670 numer
516 614 682 670 adnotatur
703 629 789 670 more
811 613 885 671 satis
905 614 1030 682 usitat0,
1054 615 1140 672 cuius
1162 614 1412 689 antiquissimum
1433 615 1469 672 in
1491 615 1538 673 la·

232 714 302 771 tinis
324 713 417 771 titulis
438 714 611 791 exemplum
627 715 668 771 ad
691 732 804 772 annum
823 715 905 772 urbis
921 715 1115 773 DCXXXIX
1131 716 1251 774 videtur
1272 716 1428 791 pertinere
1445 714 1537 793 (eph.

231 815 326 891 epigr.
342 815 372 873 ll
386 833 415 891 p.
430 811 512 891 199).
548 815 726 874 distinctum
750 824 798 873 est
819 816 898 874 inter
919 817 1088 875 centenarii
1110 824 1143 875 et
1167 816 1319 875 minorum
1333 833 1538 875 numerorum

231 923 332 985 notas,
355 917 447 992 paulo
470 934 560 974 secus
583 914 658 975 CIL.
681 916 694 972 Ι
716 917 777 976 535
800 914 999 976 cct·xl1x.

331 1019 349 1076 3
373 1016 430 1074 sub
453 1035 524 1075 cura
540 1014 624 1073 Varii
646 1024 679 1073 et
699 1015 840 1075 Fullonii.
863 1034 940 1092 gens
963 1025 1091 1092 utraque
1114 1015 1210 1075 etiam
1229 1015 1261 1073 in
1282 1016 1385 1075 latinis
1398 1015 1539 1075 Vmbro-

231 1134 296 1175 rum
318 1118 566 1194 inscriptionibus
589 1125 726 1193 apparet.
770 1123 921 1174 maronato
944 1116 1115 1176 Corssenus
1145 1134 1220 1175 casu
1250 1125 1360 1193 quarto
1383 1116 1540 1194 scriptum

231 1219 359 1294 putavit,
382 1217 556 1277 Huschkius
581 1225 668 1276 sexto
692 1218 887 1293 probabilius,
915 1219 972 1276 etsi
995 1219 1168 1276 Asisinates
1192 1217 1280 1276 aliter
1302 1236 1372 1276 enm
1393 1218 1537 1295 protule-

232 1329 301 1379 runt
323 1321 491 1381 maronalei.
536 1320 673 1378 similiter
695 1320 827 1376 Romani
851 1320 947 1378 multa
968 1320 1093 1378 nomina
1109 1319 1263 1377 variarunt
1286 1319 1368 1377 velut
1391 1319 1539 1379 senatuis

232 1431 265 1479 et
287 1422 395 1480 senati.
439 1430 603 1497 potestque
626 1430 659 1478 ut
681 1439 782 1479 rerum
803 1421 927 1496 aliquod
945 1441 984 1478 ex
999 1421 1220 1480 constitutione
1236 1420 1405 1478 civitatium
1426 1438 1540 1479 acces·

233 1523 305 1580 serit
327 1523 499 1592 discrimen,
521 1524 562 1580 ibi
586 1523 667 1580 enim
690 1531 753 1580 tam
775 1530 919 1580 auctores
942 1541 1035 1598 quam
1056 1539 1199 1581 marones
1221 1522 1397 1590 traduntur,
1420 1520 1476 1579 bic
1498 1540 1539 1579 ex

233 1623 356 1681 adiecta
380 1624 609 1700 praepositione
639 1622 840 1698 principalem
870 1641 907 1681 ac
938 1624 1116 1681 diuturnam
1149 1622 1307 1697 quandam
1339 1622 1541 1681 curationem

232 1724 426 1798 percipimus
448 1725 571 1782 minime
594 1724 770 1783 subitariam
793 1734 847 1782 aut
869 1726 1048 1782 mandatam
1070 1724 1109 1783 ab
1133 1724 1193 1781 alio
1217 1723 1408 1799 magistratu.

873 2112 891 2169 3

316 2287 409 2352 Ahal
432 2292 575 2354 Trutitis
598 2299 725 2354 dunum
748 2298 835 2354 dede
935 2295 1033 2353 Ahala
1056 2293 1227 2351 Truttldius
1249 2291 1366 2348 donum
1385 2288 1480 2347 dedit

333 2483 447 2540 tabella
469 2482 611 2539 umbricis
634 2482 739 2538 litteris
762 2482 888 2539 rudibus
911 2483 978 2538 sine
1009 2479 1209 2537 distinctione
1241 2474 1387 2548 inscripta
1417 2475 1542 2532 inserta

234 2585 347 2642 loricae
369 2584 481 2652 militis,
504 2601 596 2659 quem
619 2583 750 2640 Martem
773 2593 891 2658 putant,
917 2601 956 2638 ex
979 2600 1050 2640 aere
1074 2580 1147 2638 sacti
1170 2578 1285 2635 inventi
1305 2593 1403 2653 prope
1426 2574 1543 2634 Tuder

234 2685 329 2743 delati
353 2685 482 2742 Romam
510 2685 540 2740 in
571 2702 708 2741 museum
732 2684 963 2759 Gregorianum.
1008 2682 1246 2758 designaverunt
1279 2677 1411 2752 Lepsius
1443 2677 1542 2739 inser.

234 2786 329 2845 umbr.
354 2787 414 2845 tab.
438 2785 554 2843 XXVII
580 2789 606 2854 l,
637 2784 700 2842 Aul
714 2831 721 2844 .
737 2786 776 2844 K.
800 2785 861 2844 tab.
878 2787 895 2843 9
912 2802 940 2844 a.
969 2783 1078 2840 horum
1099 2779 1386 2857 interpretationem
1414 2778 1542 2855 accepi,

235 2886 356 2943 ahaltru
382 2885 455 2944 Tr'tis
477 2883 623 2964 (statuam
635 2884 748 2963 Titius)
772 2887 837 2944 sine
852 2885 1056 2962 praenomine
1072 2884 1151 2941 male
1169 2874 1360 2939 Huschkius':
1383 2878 1446 2939 nisi
1462 2898 1543 2939 vero

235 2988 299 3045 duo
320 2988 522 3063 praenomina
545 2986 627 3045 suere
649 2986 700 3046 lilii
722 2994 754 3045 et
775 2987 870 3064 patris
894 2987 972 3047 Ata.
994 2985 1031 3044 L.

475 3541 536 3604 Ma
557 3542 712 3624 Puplece
868 3598 871 3603 .
977 3546 1037 3606 llla.
1062 3545 1180 3602 Publici

477 3745 527 3810 Ca
548 3746 661 3828 Puple
976 3748 1029 3809 Ca.
1053 3749 1153 3807 Publi·

477 3869 517 3912 ce
539 3847 600 3911 Ma
621 3847 669 3910 fel
976 3852 1003 3908 ci
1024 3849 1087 3909 llla.
1110 3851 1150 3909 fil.

477 4050 623 4133 Tupleia
645 4050 698 4113 Pu
976 4051 1110 4127 Dupleia
1132 4049 1192 4108 Pu·

518 4153 619 4235 plece
1019 4152 1089 4211 blici

476 4353 537 4416 La.
560 4352 621 4415 Ma
642 4350 768 4433 Tuplei
973 4354 1027 4416 La.
1051 4354 1164 4430 Duplei
1186 4355 1248 4416 Ma.
1273 4355 1293 4414 f.

335 4563 366 4620 in
388 4579 463 4636 agro
486 4559 614 4619 Tuderti
636 4561 779 4618 inventae
802 4576 872 4617 cum
900 4567 1046 4634 quattuor
1074 4558 1218 4616 ossuariis
1244 4558 1369 4635 tegulae
1400 4560 1543 4623 totidem

237 4664 403 4722 translatae
428 4661 587 4721 Pisaurum
609 4663 640 4720 in
661 4679 802 4720 museum
825 4659 1040 4720 Oliverianum.
1078 4659 1227 4734 imagines
1251 4659 1424 4719 Lanzianas
1445 4679 1543 4740 repe·
