3742 5364
649 1135 878 1197 TABVLA
915 1137 931 1196 1
964 1134 1032 1196 ΕΤ
1059 1137 1114 1196 Vl

689 1270 832 1318 mouns
851 1270 1067 1318 Lvsrnnrm

328 1449 544 1524 Expiationem
569 1447 645 1503 areis
676 1455 707 1503 et
730 1446 835 1503 tabula
859 1446 874 1502 Ι
895 1447 1030 1503 umbrice
1054 1455 1084 1503 et
1107 1447 1209 1504 tabula
1231 1446 1276 1503 VI
1299 1447 1405 1504 litteris
1428 1447 1533 1504 latinis

230 1554 344 1628 scripta
365 1558 496 1618 enarrat,
528 1549 585 1605 sed
607 1549 684 1604 haec
707 1566 798 1622 quam
827 1548 877 1604 illa
907 1548 1035 1622 plenius.
1081 1565 1140 1621 qua
1162 1567 1193 1603 re
1217 1557 1360 1605 sextam
1391 1549 1533 1607 tabulam

229 1655 381 1710 enarrabo
417 1661 449 1709 et
478 1652 510 1707 in
532 1651 646 1726 prima
681 1667 716 1706 ac
740 1650 906 1707 vetustiore
930 1667 1008 1724 quae
1031 1649 1177 1706 differunt
1199 1650 1358 1707 adnotabo
1392 1651 1422 1705 in
1445 1668 1533 1707 com·

228 1754 389 1813 mentatio,

271 2049 355 2113 Este
388 2049 528 2130 persclo
557 2047 653 2109 aveis
688 2046 857 2109 aseriater
949 2052 1035 2108 Istud
1047 2051 1227 2108 sacrificium
1242 2053 1347 2110 avibus
1360 2053 1532 2110 observatis

231 2162 347 2227 enetu,
391 2150 493 2233 parfa
529 2169 675 2213 curnase
712 2149 852 2220 dersva,
907 2153 994 2220 inite,
1016 2170 1106 2226 parra
1129 2153 1250 2208 cornice
1273 2169 1429 2227 prospera,
1458 2155 1532 2228 pico

229 2255 337 2338 peiqu
357 2254 459 2336 pelea
481 2261 621 2314 merstu.
654 2250 735 2331 poei
752 2249 854 2330 angla
905 2255 976 2328 pica
997 2254 1151 2327 legitum0.
1185 2254 1235 2327 qui
1248 2254 1369 2311 oscines
1387 2256 1532 2312 observa·

331 2443 376 2500 VI
391 2444 418 2500 A
440 2446 455 2501 1
477 2443 556 2499 istud
573 2440 760 2515 sacrificium,
784 2446 837 2496 este
855 2440 1016 2514 persillum.
1044 2459 1116 2497 nam
1139 2446 1192 2496 este
1212 2441 1323 2514 ubique
1345 2442 1533 2499 adiectivum

230 2546 329 2620 neutri
350 2555 398 2602 est
421 2545 534 2601 casuali
557 2544 655 2600 littera
677 2543 790 2600 detrita
813 2550 1035 2616 attenuataque
1058 2542 1156 2599 vocali
1177 2561 1232 2617 pro
1257 2548 1312 2598 erlo
1335 2551 1369 2598 ut
1398 2543 1429 2599 in
1450 2562 1533 2600 mas-

233 2646 340 2703 culinis
363 2647 464 2704 latinis
487 2647 540 2702 r'lle
561 2646 618 2704 iste.
662 2644 757 2701 rarius
780 2644 940 2717 sequentia
973 2643 1005 2699 id
1031 2660 1202 2717 pronomen
1224 2661 1316 2717 quam
1348 2649 1533 2718 antegressa

231 2757 391 2815 monstrat,
415 2747 499 2804 VIA
522 2749 561 2806 57
585 2753 639 2802 erte
662 2765 745 2802 esono
759 2744 828 2823 selu
851 2744 1030 2801 sacrificium
1058 2763 1149 2820 supra
1172 2746 1326 2819 scriptum,
1348 2744 1378 2800 Π
1392 2747 1449 2802 Aa
1473 2752 1533 2802 estu

233 2868 323 2906 erunu
336 2848 406 2928 selu
430 2867 518 2906 sacra
539 2849 761 2922 infrascripta.
806 2864 995 2903 cumrerum
1018 2847 1188 2903 divinarum
1215 2848 1340 2904 nomina
1363 2849 1447 2921 apud
1477 2866 1535 2921 po·

232 2951 320 3025 pulos
353 2952 485 3007 maxime
510 2959 660 3024 cognatos
693 2950 852 3025 plurimum
876 2950 1061 3024 discrepent,
1097 2956 1161 3006 tum
1177 2941 1328 3022 perillum
1351 2948 1535 3005 nonhabet

236 3053 267 3108 in
290 3053 391 3110 latinis
410 3053 495 3126 quod
517 3052 715 3126 respondeat.
760 3051 875 3107 dictum
897 3069 915 3106 a
932 3061 1016 3123 pers·
1038 3053 1120 3107 unde
1144 3052 1246 3107 eidem
1258 3050 1364 3107 Vmbri
1379 3051 1537 3123 persnr'mu

232 3154 355 3228 aliaque
378 3162 544 3220 traxerunt,
569 3151 642 3210 Osci
659 3154 780 3226 pesilom
801 3153 860 3209 loci
886 3153 974 3220 sacri,
997 3153 1091 3210 Marsi
1107 3163 1190 3226 pesco
1213 3151 1352 3210 sacrificii
1375 3152 1536 3209 cuiusdam

231 3273 355 3321 nomen,
389 3264 616 3329 cognatumque
648 3255 743 3310 latino
778 3255 926 3328 precandi
949 3254 1041 3311 verbo
1065 3263 1097 3311 et
1124 3272 1232 3329 preces
1256 3253 1407 3328 significat
1430 3254 1534 3327 singu-

231 3355 308 3412 lares
331 3365 490 3430 gestumve
512 3356 668 3430 precantis
692 3351 766 3430 (VII
781 3355 805 3411 A
819 3348 871 3431 21)
894 3364 926 3412 et
950 3365 1046 3413 totam
1071 3356 1325 3430 supplicationem
1349 3349 1406 3431 (sic
1424 3354 1476 3411 -111
1495 3359 1532 3415 21

231 3458 273 3512 ad
285 3457 438 3529 persklum
461 3463 558 3514 vocato
580 3456 663 3512 velut
685 3464 865 3530 cooptatum
885 3455 1008 3513 fratrem
1020 3457 1144 3513 Arvales
1167 3458 1208 3512 nd
1224 3476 1310 3512 sacra
1332 3456 1536 3531 vocaverunt).

230 3558 308 3614 haec
332 3575 392 3632 qua
413 3575 503 3614 mons
527 3558 670 3615 lustratur
693 3558 873 3632 supplicatio
894 3575 954 3632 quo
977 3560 1039 3614 iure
1064 3559 1142 3614 r'nz‘ri
1161 3559 1290 3627 dicatur,
1313 3567 1401 3633 patet
1423 3555 1471 3614 vel
1495 3577 1534 3614 ex

232 3657 367 3714 locorum
390 3675 469 3732 quae
493 3659 646 3715 adeuntur
678 3657 887 3714 multitudine:
922 3653 1023 3716 ‘iubet
1044 3668 1075 3715 et
1107 3668 1205 3716 totam
1236 3661 1354 3733 pavidis
1379 3680 1397 3718 a
1420 3660 1536 3716 civibus

231 3760 338 3817 urbem
371 3760 478 3817 ambiri
514 3768 545 3816 et
577 3759 657 3816 festo
687 3767 853 3834 purgantes
889 3761 1012 3816 moenia
1044 3761 1138 3817 lustro
1171 3761 1264 3834 longa
1296 3779 1351 3835 per
1381 3765 1536 3818 extremos

231 3861 369 3934 pomeria
393 3861 515 3936 cingere
538 3860 613 3916 fines
636 3855 808 3935 pontifices'
830 3861 972 3918 Lucanus
995 3860 1009 3916 I
1033 3840 1102 3921 592.

333 3962 363 4018 in
387 3961 489 4019 tabula
513 3961 528 4016 Ι
551 3980 619 4018 cum
634 3962 837 4037 auspiciorum
857 3962 931 4018 ritus
947 3946 1194 4030 nonnarrentur,
1217 3981 1255 4018 ne
1269 3963 1394 4020 nomina
1411 3963 1535 4037 quidem

232 4064 421 4138 auguralium
453 4064 553 4119 avium
585 4071 804 4120 memorantur:
841 4062 943 4118 aazias
975 4063 1133 4120 obseruatis
1166 4065 1238 4119 r'nz'lo
1274 4065 1380 4120 canticis
1405 4064 1535 4137 posticis.

233 4165 387 4221 recentior
409 4172 512 4221 autem
543 4164 648 4220 tabula
681 4181 735 4238 pro
758 4164 867 4221 anticis
890 4173 920 4220 et
943 4165 1070 4238 posticis
1104 4164 1209 4223 avibus
1232 4183 1351 4238 parram
1381 4165 1535 4223 cornicem

233 4264 360 4343 derivas
375 4283 454 4339 quae
477 4265 556 4322 infra
580 4274 680 4322 certos
702 4265 778 4322 fines
801 4267 1011 4335 observentur,
1047 4274 1078 4323 et
1102 4268 1188 4342 picos
1220 4266 1343 4345 nrerslos
1358 4268 1409 4341 qui
1442 4283 1535 4340 supra

233 4367 397 4434 substituit,
433 4368 544 4423 eadem
580 4367 751 4440 posteriore
786 4366 845 4424 hoc
865 4368 1016 4424 vocabulo
1038 4386 1243 4443 quaecunque
1273 4368 1390 4444 captari
1412 4375 1536 4442 oportet

232 4468 360 4542 auguria
382 4467 603 4542 complectitur.
648 4467 704 4524 fuit
727 4468 777 4542 qui
800 4478 993 4544 compararet
1016 4470 1100 4526 Pauli
1131 4471 1266 4546 glossam
1299 4471 1409 4526 meltum
1437 4470 1536 4525 melio·

232 4587 292 4625 rem
321 4568 459 4638 dicebant,
494 4585 591 4643 eaque
625 4585 684 4635 vox
716 4588 774 4626 nec
807 4571 845 4626 ab
882 4572 1015 4645 auguriis
1048 4573 1181 4629 romanis
1215 4572 1316 4629 aliena
1349 4566 1470 4648 (Festus
1504 4571 1535 4627 in

230 4670 363 4737 sinnrra,
398 4670 511 4726 Statius
533 4670 632 4728 Theb.
657 4669 702 4726 ΙΙΙ
725 4667 800 4748 508)
832 4690 891 4729 nec
912 4674 1069 4731 umbricae
1100 4675 1271 4732 sententiae
1307 4674 1398 4748 plane
1421 4673 1535 4747 dispar.
1629 4728 1631 4732 ,
