3742 5364
231 327 358 386 VIIA52
376 327 458 385 1342
850 325 909 381 116

230 514 285 567 tar
308 506 373 586 pisi
405 507 544 571 herlest.
589 506 670 589 pale
694 504 755 567 tris
774 524 853 584 pro·
906 510 977 565 tatis
1002 509 1137 582 quisquis
1161 507 1252 564 volet.
1297 504 1448 580 quas⁰tris
1475 504 1538 579 pri-

230 627 322 668 mom
338 608 519 680 haburcnt,
545 605 604 669 eaf
623 602 890 685 acersoniemla
904 626 986 665 mum
1021 608 1167 682 ceperint,
1205 623 1258 663 eas
1293 607 1324 661 in
1356 597 1539 681 Aquilonia!

228 706 301 770 fetu
324 708 436 770 Turse
466 707 563 770 Iovie
596 706 768 788 popluper
799 715 850 767 to·
904 710 997 767 facito
1011 709 1129 766 Tursae
1141 706 1245 764 loviae
1259 724 1316 781 pro
1328 705 1446 780 populo
1463 705 1538 763 civi-

230 816 285 869 tar
306 808 454 881 Iovinar,
478 818 618 889 totaper
639 806 768 868 Iovino.
798 825 852 866 su·
904 811 973 867 tatis
990 810 1146 884 Iguvinae
1170 825 1224 881 pro
1249 807 1374 863 civitate
1393 805 1536 881 Iguvina.

231 918 311 970 ront
331 919 466 981 naratu,
488 928 575 990 puse
597 905 851 969 veriscoTreb·
902 912 977 969 item
1010 919 1132 967 narrato
1165 918 1199 967 ut
1231 910 1273 965 ad
1305 916 1427 983 portam
1456 906 1537 963 Tre-

231 1008 329 1072 lanir.
415 1010 512 1072 arvio
556 1008 637 1071 fetu.
670 1008 674 1090 Ι
703 1028 853 1091 persaea
904 1013 1037 1071 blanam.
1063 1012 1145 1068 arvia
1169 1010 1273 1070 facito.
1294 1003 1298 1082 Ι
1317 1009 1465 1084 pedarias
1490 1008 1537 1065 ia·

229 1108 310 1172 fetu.
335 1104 765 1191 struslaficlaprosesetir
781 1128 852 1169 ars·
906 1114 976 1172 cito.
1020 1113 1204 1181 struiculam‚
1239 1110 1358 1167 fitillam
1379 1110 1537 1185 prosectis

229 1211 334 1275 veitu.
389 1223 483 1274 tases
527 1208 713 1291 persnimu.
772 1208 856 1289 poni
906 1214 1024 1273 addito.
1069 1215 1178 1271 tacitus
1206 1211 1390 1287 precamino.
1433 1228 1538 1286 posca
1630 1209 1633 1213 ’

229 1309 311 1376 fetu.
326 1309 330 1393 l
843 1383 845 1387 Ι
907 1307 1025 1390 facito!

234 1631 306 1687 civis
330 1639 497 1686 necaretur·
514 1630 692 1695 damnatum
716 1629 838 1702 Sinnius
862 1636 991 1685 testatur
1013 1629 1043 1684 in
1073 1629 1208 1687 lacerata
1230 1631 1315 1688 Festi
1335 1632 1439 1706 glossa
1461 1641 1534 1706 sup·

228 1731 356 1804 plictana
378 1749 406 1804 p.
423 1733 483 1789 309
495 1731 536 1788 M.
560 1732 642 1786 unde
657 1748 722 1786 rem
738 1731 847 1787 civium
863 1748 1056 1788 communem
1071 1732 1101 1787 in
1118 1732 1196 1788 deae
1219 1732 1297 1790 illius
1321 1734 1418 1791 tutela
1438 1733 1539 1792 fuisse

232 1832 380 1890 conicias:
404 1833 460 1888 sed
483 1833 540 1888 nisi
562 1849 619 1888 nos
643 1831 718 1887 lallit
734 1832 847 1905 opinio,
871 1831 1034 1888 Semoniae
1048 1851 1084 1891 ac
1101 1833 1284 1891 Semonibus
1301 1834 1373 1891 nibil
1390 1844 1437 1893 est
1463 1853 1538 1893 cum

233 1934 398 1990 sehnaenier.

333 2037 373 2093 54
406 2036 437 2091 in
460 2035 564 2093 tabula
586 2036 598 2091 I
620 2036 723 2091 infima
746 2035 934 2109 subscriptus
958 2035 1215 2111 contionatusque
1237 2037 1331 2094 sacris
1358 2037 1537 2095 lustralibus

237 2137 287 2193 hic
310 2147 357 2192 est
379 2137 545 2194 versiculus
573 2137 721 2192 laestren'e
748 2137 826 2192 nsar'e
846 2154 927 2192 svesn
950 2124 1037 2192 unali
1055 2138 1229 2204 statuentes,
1255 2138 1299 2194 sic
1321 2139 1402 2194 enim
1425 2137 1539 2195 distin·

238 2239 362 2313 guenda
386 2248 455 2294 sunt
478 2239 688 2312 conglutinata
711 2247 764 2295 aut
785 2256 947 2312 perperam
968 2238 1164 2312 interpuncta
1186 2239 1287 2297 verba.
1327 2240 1438 2296 eadem
1461 2239 1536 2295 sub·

237 2339 360 2411 scriptio
384 2340 424 2395 de
437 2339 593 2396 Feralibus
610 2340 743 2395 edictum
765 2339 830 2395 finit
844 2340 874 2395 in
890 2348 1028 2395 extremo
1045 2357 1116 2397 aere
1130 2339 1198 2396 ΗΑ
1220 2348 1362 2414 porrecta
1383 2340 1415 2395 in
1429 2348 1537 2397 trans·

238 2459 367 2497 versum.
414 2439 455 2495 ibi
476 2425 559 2496 usa'se
581 2440 688 2513 legitur
711 2449 742 2496 et
765 2441 891 2497 redacta
914 2442 955 2498 ad
978 2441 1121 2498 dimidias
1153 2440 1425 2514 conduplicatione
1446 2440 1537 2497 verbi

235 2541 386 2600 str'stetn'es.
433 2541 615 2615 interpretor
638 2547 810 2615 quaesturae
833 2560 950 2597 annuae
970 2560 1053 2597 snum
1074 2547 1169 2599 uotum
1189 2542 1318 2597 str'terr'nt
1336 2542 1431 2597 idest
1447 2542 1539 2615 quod

236 2642 303 2713 quis
327 2658 365 2696 ex
388 2650 460 2698 voto
485 2643 624 2716 privatim
647 2643 741 2698 lustro
765 2659 886 2716 quoque
919 2652 972 2698 aut
1003 2641 1083 2699 feriis
1111 2644 1281 2717 quibusque
1311 2659 1429 2699 sacrum
1449 2641 1534 2699 ferre

237 2742 327 2810 volet,
358 2743 390 2797 id
416 2744 571 2815 quaestori
600 2743 784 2818 quicumque
811 2751 875 2799 tum
898 2743 955 2799 erit
977 2743 1073 2799 sistat.
1116 2743 1295 2809 itz'tzitetens,
1320 2761 1392 2799 uam
1414 2742 1537 2818 reliqua

235 2860 265 2915 p.
279 2844 318 2899 56
342 2850 374 2897 et
393 2844 431 2900 68
455 2843 618 2917 explicavi,
648 2843 815 2917 perfectum
838 2844 965 2918 optativi
993 2853 1054 2911 est,
1087 2853 1121 2900 ut
1142 2851 1182 2900 sto
1205 2845 1235 2900 in
1257 2845 1326 2933 sisto
1350 2845 1393 2901 ita
1413 2845 1537 2903 stettin

235 2943 377 2999 umbricis
401 2942 504 3000 formis
527 2944 607 3000 inest
629 2945 829 3019 duplicatum.
872 2945 940 3019 ipsa
963 2946 1087 3019 quidem
1115 2945 1164 3002 illa
1191 2962 1246 3018 pro
1274 2946 1396 3003 duobus
1424 2944 1537 3005 haberi

232 3052 339 3119 posset
359 3045 458 3101 verbis
479 3046 585 3101 stiterit
602 3047 731 3102 sitierint
751 3046 900 3120 copulatis
923 3047 1002 3102 inter
1016 3065 1050 3102 se
1067 3047 1143 3119 sing.
1158 3047 1234 3120 plur.
1249 3047 1355 3121 quales
1378 3048 1534 3107 sermonis

236 3145 381 3201 minutias
402 3146 566 3219 pleraeque
582 3147 666 3220 leges
682 3155 849 3214 sectantur,
871 3148 927 3203 sed
943 3147 1048 3203 obstat
1063 3147 1183 3203 brevior
1199 3148 1297 3205 forma
1314 3147 1419 3215 altera,
1440 3165 1537 3222 quam

235 3264 298 3301 non
323 3254 438 3302 temere
460 3248 558 3303 ausim
580 3257 614 3304 ut
638 3248 819 3304 mendosam
843 3266 880 3305 ac
903 3248 1011 3306 falsam
1032 3250 1157 3310 reicere.
1195 3250 1284 3306 tertia
1306 3266 1441 3324 persona
1462 3251 1534 3324 plu·

233 3348 303 3404 ralis
324 3349 452 3422 optativi
475 3350 653 3406 terminatur
667 3351 821 3423 praesenti
845 3359 982 3423 tempore
1004 3351 1035 3406 in
1061 3351 1128 3405 tans
1142 3351 1186 3405 ias
1207 3350 1290 3406 velut
1312 3352 1434 3418 etatans,
1458 3368 1534 3425 per·

235 3448 317 3505 fecto
340 3450 370 3504 in
393 3450 454 3504 iens
476 3450 516 3505 ies
538 3451 621 3506 unde
637 3449 711 3508 Osci
724 3453 768 3506 ins
791 3451 891 3508 iecere
905 3453 937 3507 in
959 3451 1193 3519 naarakantna
1217 3451 1253 3510 cf.
1270 3451 1363 3508 latina
1381 3452 1457 3508 sient
1474 3453 1540 3510 sr'nt

234 3551 397 3606 servassint
416 3559 447 3606 et
469 3569 581 3626 graeca
596 3551 707 3612 σταῑεν
725 3552 809 3612 θεῖεν
835 3553 873 3608 ab
890 3554 1031 3610 umbricis
1048 3553 1190 3627 oscisque
1207 3571 1246 3610 eo
1258 3553 1431 3609 differentia
1447 3555 1537 3627 quod

237 3660 291 3706 aut
313 3652 463 3727 integram
485 3657 498 3707 t
518 3661 572 3709 aut
593 3653 708 3710 nullum
724 3653 789 3710 eius
805 3654 967 3728 vestigium
990 3663 1158 3714 servarunt.
1192 3655 1223 3710 in
1239 3672 1310 3710 aere
1324 3652 1441 3711 Volsco
1458 3654 1538 3729 (Fa-

235 3753 326 3809 bretti
349 3770 430 3827 corp.
455 3753 544 3813 inser.
567 3755 629 3814 ital.
647 3749 743 3832 2736)
767 3756 925 3812 sostratz'ens
945 3756 1029 3813 idem
1052 3756 1133 3812 valet
1155 3758 1240 3831 quod
1262 3761 1434 3823 statuerant,
1457 3772 1537 3813 ean·

237 3854 309 3910 dem
324 3854 383 3909 vim
400 3855 483 3911 verbi
506 3857 685 3931 requirimus
702 3857 732 3912 in
745 3857 900 3913 Frentano
916 3858 1002 3914 titulo
1020 3856 1095 3915 CIL.
1108 3858 1122 3913 l
1133 3875 1162 3931 p.
1172 3859 1233 3916 555
1258 3857 1309 3914 ubi
1322 3862 1391 3913 sest.
1405 3875 1424 3912 a
1434 3858 1540 3931 ,plens

233 3955 312 4013 male
333 3956 522 4030 descriptum
544 3958 674 4017 videtur.
709 3967 742 4015 at
757 3958 863 4015 Vmbri
885 3960 1043 4016 statuendi
1061 3960 1221 4016 notionem
1234 3976 1294 4033 quo
1316 3958 1538 4038 exprimerent,

234 4074 349 4113 novum
373 4057 412 4114 ab
436 4060 548 4115 stando
574 4061 699 4116 verbum
722 4061 882 4117 deduxere
903 4062 1043 4130 stantem,
1068 4061 1116 4117 dis
1140 4068 1243 4118 autem
1266 4071 1337 4117 vota
1359 4059 1426 4116 sisti
1447 4060 1539 4118 dixe·

236 4168 305 4216 runt
329 4167 535 4233 congruentes
557 4179 626 4218 cum
649 4162 766 4218 Latinis
790 4162 997 4235 inpraesenti
1021 4170 1158 4235 tempore
1182 4158 1303 4230 (sestell
1317 4161 1340 4218 B
1354 4152 1417 4237 22).
1445 4179 1536 4220 com·

234 4259 365 4317 miscent
387 4277 445 4317 usu
469 4262 671 4336 antiquissimi
693 4261 864 4337 perlectum
897 4263 1024 4336 optativi
1048 4271 1079 4318 et
1101 4279 1249 4337 praesens
1273 4261 1454 4338 saepissime
1477 4281 1535 4321 ve·

176 4373 178 4378 ·
235 4368 349 4429 tentes
370 4378 463 4435 saepe
487 4371 631 4437 optantes
654 4372 686 4419 et
717 4371 880 4437 precantes
913 4359 961 4434 (dt
979 4369 1004 4418 te
1025 4364 1193 4418 mactassent
1211 4361 1313 4438 malo),
1347 4362 1539 4437 aliquotiens

236 4462 448 4519 concedentes
482 4463 662 4536 profitentes
696 4464 780 4538 quod
802 4465 900 4538 possit
922 4463 986 4520 fieri
1008 4465 1210 4522 verecundius
1239 4465 1420 4540 eloquentes
1443 4460 1541 4536 (male

225 4562 335 4640 saxz'rn
359 4562 468 4630 lubens,
482 4563 582 4642 facile
596 4575 703 4639 passus
722 4567 785 4634 sr'rn,
808 4547 925 4622 dl'xerit
945 4562 1112 4639 qznspr'arn).
