3742 5364
757 365 795 426 41
1330 363 1425 428 vata

122 569 247 613 monus
270 548 356 624 duir,
390 547 468 629 puri
489 547 544 610 far
567 547 749 621 eiscurent,
802 552 923 610 duobus
960 551 1013 628 qui
1049 551 1096 609 far
1137 551 1331 611 arcessierint
1374 561 1427 611 aut

124 660 183 714 ote
206 673 235 715 a.
259 649 334 733 vat
438 648 591 711 Casilate
615 645 926 730 dirsansua.v1.t
1033 653 1160 712 Casilati
1193 656 1269 711 dent
1305 662 1428 729 oportet

122 751 214 815 herti
229 749 542 816 frateerAtiersiur
557 749 752 812 sehmenier
803 753 910 811 fratres
955 754 1070 812 Atiedii
1112 756 1328 813 semenstribus
1373 757 1428 812 de·

125 853 291 934 dequrier
310 858 314 931 1
333 852 492 932 pelmner
519 871 636 913 sorser
658 850 752 931 posti
804 857 891 913 curiis
920 852 924 929 Ι
950 857 1099 932 pulmenti
1138 857 1214 914 suilli
1247 857 1279 914 in
1316 857 1429 931 agonia

126 975 214 1019 acnu
230 952 294 1016 vef
304 952 377 1016 XV
394 951 632 1017 cabrinervef
642 952 708 1015 VII
726 973 752 1018 s.
802 965 905 1033 partes
939 957 1006 1029 XV,
1040 958 1155 1033 caprini
1185 966 1288 1033 partes
1321 957 1380 1014 VII
1403 975 1427 1018 s.

125 1066 161 1120 et
180 1059 185 1138 Ι
205 1053 308 1119 sesna
331 1064 390 1118 ote
414 1076 444 1117 a.
468 1054 528 1117 VI.
803 1065 835 1115 et
854 1051 987 1136 l'cenam
1010 1040 1062 1117 aut
1083 1079 1111 1118 a.
1134 1034 1188 1120 Vi.

125 1249 167 1306 ad
200 1247 323 1322 pondus
347 1245 456 1302 viritim
494 1243 680 1312 dividantur,
717 1243 828 1318 partim
862 1236 934 1317 ὠμά
969 1244 1079 1318 partim
1113 1239 1237 1304 ἐκτῶν
1259 1240 1426 1317 ἐγκοιλίων

124 1348 329 1421 adsignantur
351 1357 497 1423 tanquam
521 1346 687 1404 sarcimina.
723 1346 780 1402 sed
802 1362 872 1402 cum
895 1344 974 1402 sarto
987 1344 1066 1424 sulze
1087 1363 1149 1420 qua
1170 1347 1289 1404 ratione
1304 1347 1427 1404 conecti

124 1450 224 1524 possit
245 1451 384 1507 noudum
406 1448 569 1524 perspicio,

227 1550 310 1625 leges
327 1551 525 1625 collegiorum
548 1565 691 1606 romanas
708 1548 797 1606 valde
820 1549 939 1605 suadeo
963 1555 997 1606 ut
1013 1566 1082 1606 cum
1106 1549 1251 1607 umbricis
1273 1549 1338 1607 istis
1355 1567 1427 1607 con·
1469 1624 1473 1633 Ι

125 1650 217 1721 seras,
242 1670 303 1727 quo
326 1652 434 1708 melius
461 1658 492 1707 et
515 1650 712 1707 formularum
735 1651 993 1708 consuetudinem
1016 1657 1047 1707 et
1069 1669 1117 1708 res
1139 1651 1223 1725 ipsas
1250 1667 1427 1725 pernoscas

125 1753 253 1809 Lanuvii
277 1752 513 1827 quinquennalis
528 1751 637 1807 diebus
652 1752 849 1808 sollemnibus
875 1759 941 1808 ture
959 1759 990 1808 et
1006 1751 1077 1808 vino
1099 1751 1252 1826 supplicat
1273 1759 1305 1808 et
1327 1752 1428 1808 oleum

125 1854 256 1930 collegio
279 1855 309 1910 in
331 1854 455 1912 balineo
482 1853 574 1928 ponit
605 1854 687 1928 prius
711 1871 802 1927 quam
825 1853 997 1927 epulentur,
1032 1853 1127 1927 Iguvii
1149 1853 1261 1910 flamen
1283 1852 1426 1911 fratribus

125 1973 197 2012 cum
230 1956 324 2012 sacris
347 1966 473 2029 vepurus
496 1951 602 2031 felsvo
632 1956 777 2029 praebet;
814 1954 943 2011 Lanuvii
974 1955 1112 2028 magistri
1134 1972 1280 2012 cenarum
1310 1971 1427 2030 ponere

125 2057 245 2114 debent
267 2057 327 2113 vini
344 2057 506 2132 amphoras
529 2056 666 2132 singulas
683 2065 714 2112 et
736 2074 834 2130 panes
856 2056 977 2113 assibus
999 2055 1078 2113 binis
1095 2056 1150 2129 qui
1170 2073 1306 2112 numerus
1319 2055 1432 2129 collegi

114 2157 228 2235 suerri,
262 2159 293 2214 in
316 2157 452 2215 umbrico
475 2158 607 2234 collegio
631 2157 804 2214 distributio
828 2157 860 2214 fit
881 2157 1033 2214 mercedis
1050 2157 1135 2230 pusii
1153 2155 1331 2234 kastruous;
1363 2174 1428 2213 ma·

126 2260 222 2334 gister
245 2259 297 2333 qui
320 2260 376 2316 erit
399 2261 439 2317 ad
459 2277 567 2317 cenam
592 2259 767 2317 faciendam
789 2276 890 2333 neque
906 2258 1022 2324 fecerit,
1049 2258 1176 2315 multam
1198 2257 1310 2315 inseret
1336 2275 1425 2315 arcae

127 2367 283 2427 statutam,
308 2360 455 2418 adfertori
479 2378 534 2418 suo
557 2378 681 2435 quoque
705 2369 842 2435 tempore
865 2340 961 2417 muita
984 2343 1210 2417 constituetur(
1235 2366 1297 2415 tam
1320 2358 1428 2415 similia

127 2462 214 2518 vides
248 2480 339 2537 quam
373 2462 541 2520 dissimilia.
587 2462 672 2536 quod
708 2463 740 2519 in
762 2461 923 2519 Lanuvino
958 2461 1089 2535 collegio
1124 2458 1358 2535 quinquennalis
1388 2475 1426 2514 ex

127 2565 268 2621 omnibus
292 2564 492 2621 divisionibus
508 2571 611 2638 portes
634 2565 753 2639 duplas,
789 2564 889 2622 scriba
910 2571 1013 2638 partes
1033 2563 1205 2639 sesquiplas
1229 2563 1358 2645 accipit„
1388 2579 1427 2620 eo

126 2682 190 2721 non
213 2682 304 2722 ausus
327 2682 394 2720 sum
416 2667 461 2723 uti
484 2667 524 2722 ad
547 2665 795 2740 interpretandas
819 2663 874 2743 ves
888 2664 955 2722 VB
980 2668 1027 2739 12,
1049 2665 1090 2721 ibi
1111 2666 1192 2721 enim
1214 2664 1245 2721 in
1265 2664 1426 2738 superiori·

126 2767 185 2821 bus
201 2765 259 2822 hae
275 2774 378 2842 partes
391 2767 537 2823 definitae
550 2774 631 2823 sunt.
673 2785 778 2823 verum
794 2766 875 2823 feriis
892 2767 993 2823 latinis
1011 2784 1048 2822 ex
1062 2766 1174 2822 Albani
1196 2766 1308 2822 montis
1333 2765 1427 2823 sacris

127 2867 233 2940 populi
264 2867 416 2924 foederati
442 2885 514 2925 suas
536 2861 650 2942 partes,
685 2864 783 2942 μέρος
806 2865 843 2928 τὸ
864 2864 1062 2942 τεταγμένον
1086 2875 1229 2942 petentes
1252 2865 1429 2941 simpliciter

87 2968 89 2972 “
127 2985 250 3024 carnem
273 2968 415 3025 dicuntur’
437 2969 587 3044 accipere.
844 2975 846 2978 ’

341 3203 350 3229 Ι
