3742 5364
848 308 906 366 196

377 496 444 551 tivis
460 495 618 568 purdr'ncio
642 492 845 566 combifiancio.
883 494 914 549 in
932 495 1151 566 coniugatione
1167 494 1311 552 Italorum
1329 500 1529 566 augmentum

375 597 456 653 idem
479 597 616 677 nondum
645 596 823 668 comparuit,
853 594 889 652 cf.
912 596 1021 651 avertit
1035 613 1217 653 averruncus
1240 602 1435 668 averruncat‚
1458 609 1530 649 amo
1587 649 1591 657 ,

377 707 495 753 amator
510 697 668 754 amatorie.
695 696 811 752 scilicet
823 694 913 752 futuri
930 695 988 751 vim
1003 696 1082 754 haec
1096 696 1212 753 habent
1230 696 1408 754 meditativa
1425 695 1530 762 verba,

378 815 553 866 averrunc0‚
586 798 610 853 si
633 816 695 853 non
718 816 754 853 ex
777 797 850 870 ipsis
872 814 952 871 quae
976 795 1077 853 adfixa
1106 806 1176 853 sunt
1198 796 1413 855 adsuetudinis
1438 793 1532 867 (edo-

377 917 431 956 nes
453 893 595 971 bibones)
620 908 650 954 et
673 897 851 972 gentilitatis
872 897 990 954 indiciis
1016 898 1205 970 cognoveris,
1232 915 1269 955 ex
1293 896 1437 954 umbricis
1463 895 1532 952 istis

378 1002 480 1058 discas
497 1001 556 1056 vim
578 1001 732 1074 quandam
755 999 923 1056 inhaesisse
944 998 1078 1073 perfecti.

229 1200 449 1258 coniunctivus.

376 1318 522 1376 praesens
544 1300 713 1357 thematum
735 1300 933 1373 plurimorum
960 1317 1018 1374 per
1040 1320 1074 1369 a,
1100 1302 1276 1359 exeuntium
1306 1304 1338 1360 in
1366 1323 1385 1359 a
1411 1322 1469 1379 per
1501 1305 1535 1361 ia

378 1402 508 1459 effertur.
544 1401 673 1456 aserz'aia
695 1409 795 1456 utrum
817 1401 914 1475 prima
935 1419 1069 1477 persona
1091 1403 1130 1458 sit
1158 1402 1351 1476 neglectam
1374 1423 1415 1461 an
1440 1405 1535 1462 tertia

378 1503 499 1559 abiecta
518 1502 643 1575 danieli,
666 1503 752 1577 quod
771 1503 862 1559 moris
879 1511 955 1569 crat,
978 1502 1071 1559 immo
1087 1503 1183 1560 instar
1197 1504 1281 1578 legis
1304 1523 1367 1562 non
1386 1514 1437 1562 est
1455 1505 1536 1562 satis

378 1604 579 1679 perspicuum,
603 1620 633 1676 p.
657 1605 707 1661 44.

490 1704 565 1777 sing.
589 1705 607 1762 3
632 1703 712 1759 dz'rsa
736 1705 835 1771 derso,
869 1703 1084 1777 Paelignorum
1121 1705 1206 1771 dalla,
1238 1705 1324 1784 διδῷ.
1359 1704 1439 1784 suia
1467 1707 1536 1777 fiat,

618 1787 710 1881 salia
723 1805 791 1882 seia
813 1805 914 1874 faciat,
947 1805 1039 1862 habia
1062 1805 1186 1874 habeat,
1214 1807 1264 1862 dia
1288 1808 1352 1864 sive
1374 1826 1431 1883 pro
1454 1805 1534 1890 δαίῃ

629 1908 691 1964 sive
708 1908 784 1963 cluat
806 1926 834 1981 p.
848 1908 897 1966 5⁶2.
933 1909 1067 1980 portata,
1089 1906 1188 1964 Oscus
1205 1909 1331 1981 portata
1343 1910 1461 1968 diceret
1478 1912 1535 1971 lat.

626 2017 736 2083 portet,
760 2009 869 2064 kuraz'a
892 2016 987 2076 curet,
1012 2007 1152 2082 kupz'fiaz'a
1175 2020 1323 2083 tanquam
1342 2012 1471 2071 nuntiet.

488 2112 561 2186 plur.
585 2114 602 2169 3
627 2111 745 2165 dz'rsanr
767 2110 865 2165 diruas
886 2111 970 2177 dent,
1004 2109 1160 2165 nerlihabas
1190 2113 1228 2167 ab
1254 2110 1325 2169 lab·
1360 2121 1393 2169 ut
1412 2111 1536 2182 hahart,

625 2219 659 2267 ut
681 2218 841 2266 semovant
864 2209 901 2268 al.
943 2210 1057 2265 elaz'ans
1079 2211 1170 2266 etaias
1190 2211 1275 2269 itent.

380 2314 424 2367 sir
449 2313 488 2368 sis
511 2312 595 2368 risit
616 2312 678 2366 rins
701 2311 761 2366 sint
784 2319 942 2367 contracta
967 2328 1036 2366 esse
1058 2319 1145 2385 patet
1167 2330 1205 2367 ex
1228 2313 1288 2369 sies
1312 2313 1400 2371 sient.
1446 2313 1537 2373 hunc

380 2414 521 2471 ordinem
543 2414 681 2486 sequitur
702 2413 806 2468 herzi'ei
828 2413 899 2469 velit
925 2412 953 2468 ll
965 2414 991 2468 A
1011 2415 1047 2472 16
1082 2413 1165 2470 idem
1188 2414 1293 2471 valens
1316 2432 1352 2471 ac
1373 2433 1420 2471 sve
1441 2414 1535 2484 berit,

375 2526 453 2589 pone
473 2516 586 2574 hert'esl.
632 2517 662 2571 in
685 2515 832 2572 adverbia
856 2517 965 2572 transit
988 2525 1019 2573 et
1042 2534 1111 2573 cum
1134 2517 1214 2573 lteris
1235 2535 1333 2591 praes.
1350 2515 1442 2574 indie.
1460 2533 1536 2590 per·

379 2626 513 2674 mutatur
534 2617 630 2673 herici
645 2617 726 2673 herz'e
745 2634 844 2691 praes
863 2617 942 2676 coni.
960 2618 1036 2691 sing.
1055 2621 1072 2675 2
1096 2627 1130 2674 ut
1150 2619 1195 2674 sei
1216 2619 1266 2685 sis
1290 2618 1356 2692 ipsa
1373 2626 1535 2692 permuta·

380 2722 465 2776 tione
500 2721 647 2775 docemur
678 2736 741 2774 non
775 2726 895 2774 tantum
926 2720 1115 2776 inveterasse
1138 2720 1213 2776 illud
1236 2718 1356 2775 Vmbris
1379 2713 1536 2794 quantum

381 2821 496 2878 Latinis
520 2821 565 2876 vel
588 2820 775 2891 adverbium,
799 2819 936 2876 similiter
952 2819 980 2876 hi
997 2822 1091 2877 modo
1109 2838 1193 2878 ames
1216 2820 1287 2877 licet
1309 2820 1403 2876 modo
1418 2821 1535 2883 licebit.

381 3024 551 3098 perfectum
574 3023 650 3096 sing.
672 3026 689 3081 3
713 3005 898 3096 conzbifianii
922 3041 1007 3079 mera
1028 3025 1148 3098 species
1173 3025 1301 3100 perfecti
1322 3023 1467 3082 subditivi
1490 3027 1536 3082 de
1575 3024 1579 3031 ’

716 3140 776 3197 quo
801 3124 917 3180 dictum
949 3132 997 3180 est
1027 3125 1057 3180 in
1089 3124 1188 3183 futuro
1223 3127 1330 3194 altem,
1363 3125 1402 3182 cl.
1422 3144 1538 3186 oscum

704 3223 827 3303 sesacid
845 3226 895 3282 lat.
905 3223 1006 3300 faxit

563 3326 638 3400 plur.
664 3328 691 3384 3.
714 3326 884 3407 slz'izi'leleies
902 3327 1034 3381 slz'leleies
1056 3326 1196 3393 stiterint,
1219 3336 1252 3382 ut
1276 3325 1392 3383 conieci
1412 3344 1443 3401 p.
1470 3330 1536 3388 116

383 3426 535 3501 (peccavit
546 3427 705 3502 typotheta
717 3428 767 3502 qui
780 3426 852 3484 fecit
863 3424 1031 3502 sli'slelez'es).
1055 3427 1226 3502 perlectum
1237 3428 1460 3502 primigenium,
1476 3431 1536 3488 mi·

381 3530 481 3586 rabilis
506 3530 530 3585 si
554 3529 700 3586 mendum
725 3529 840 3585 nullum
864 3529 969 3586 subest
992 3529 1022 3585 in
1038 3529 1154 3586 iteratis
1171 3529 1291 3604 syllabis
1317 3530 1536 3606 reciprocatio,

384 3631 558 3688 terminatio
581 3639 613 3686 et
636 3632 786 3687 concinna
814 3631 857 3687 eis
885 3648 961 3705 quas
989 3648 1136 3704 praesens
1166 3632 1243 3689 coni.
1272 3631 1379 3706 recipit
1407 3639 1440 3687 et
1463 3633 1489 3688 si
1514 3653 1536 3690 n

381 3731 519 3787 inieceris
536 3732 722 3788 antecellens
738 3732 912 3806 integritate
929 3741 1102 3788 ceterorum
1118 3731 1356 3789 declinationem
1370 3731 1535 3795 Italorum.

232 3934 426 4007 imperativus
450 3933 538 3990 futuri
562 3952 651 4007 quem
674 3942 785 3990 vocant
809 3934 884 4008 sing.
910 3936 928 3991 2
953 3935 972 3992 3
998 3934 1138 4007 congruit
1169 3951 1237 3990 cum
1266 3934 1358 3991 latino
1382 3951 1536 4011 oscoque‚

371 4033 447 4110 sula
470 4036 560 4091 estod
583 4035 665 4089 eslud
682 4034 796 4108 pariter
817 4034 958 4107 figurata:

481 4142 540 4191 cetu
562 4137 634 4207 eit0,
648 4135 737 4212 serta
762 4135 849 4201 ferto,
869 4141 963 4191 sumtu
986 4137 1107 4203 sumit0‚
1141 4143 1252 4192 revestu
1274 4136 1405 4203 revisit0,
1438 4135 1536 4195 halitu

380 4238 450 4292 hala
474 4238 513 4293 ab
535 4234 614 4313 hof,
647 4243 720 4293 testu
744 4244 857 4293 covertu
887 4238 974 4310 quasi
1005 4237 1160 4311 duplicata
1183 4243 1195 4291 l
1219 4237 1317 4294 sistito
1347 4237 1536 4302 convertito,

382 4342 476 4396 dt'rrtu
500 4341 561 4395 dz'tu
590 4349 647 4399 vet.
671 4343 747 4396 ledia
771 4347 827 4395 ictu
851 4341 936 4412 datu,
966 4346 1076 4395 uslentu
1100 4346 1189 4395 ustelu
1213 4338 1330 4395 ostenda
1359 4337 1536 4408 ostendit0‚

382 4443 511 4497 anslziztu
534 4443 721 4516 distinguite,
738 4441 816 4516 fiklu
838 4443 936 4499 nz'ncm
959 4463 977 4500 a
999 4442 1052 4518 lig·
1072 4443 1168 4518 ning·.

481 4544 558 4598 deiru
570 4544 652 4622 ser'tu
676 4546 722 4600 vel
737 4542 808 4620 fetu
831 4545 894 4600 az'tu
916 4563 954 4600 ex
976 4544 1070 4600 dicito
1088 4544 1180 4600 facito
1196 4544 1287 4611 acito,
1309 4541 1420 4599 stahitu
1435 4550 1535 4610 stat0,

382 4649 498 4704 advez'tu
521 4648 675 4707 advehite.
714 4649 866 4724 quaedam
888 4650 981 4706 verba
1000 4657 1099 4705 utrum
1122 4648 1232 4704 exilem
1254 4645 1274 4715 i,
1297 4649 1313 4702 ε’
1332 4642 1472 4700 habeant
1491 4661 1536 4703 an
