3742 5364
730 1123 957 1185 TABVLA
988 1127 1026 1185 11

329 1317 365 1375 In
388 1318 528 1373 universa
552 1316 612 1371 vita
635 1313 888 1388 pretiosissimum
906 1322 954 1370 est
974 1314 1154 1388 intellegere
1177 1332 1331 1390 quemque
1349 1315 1474 1372 nescire
1497 1332 1536 1372 se

229 1420 314 1495 quod
336 1420 467 1475 nesciat:
490 1419 550 1474 hoc
572 1416 698 1473 verbum
721 1434 739 1472 a
763 1424 866 1471 vetere
890 1432 989 1471 rerum
1013 1418 1194 1473 rusticarum
1217 1426 1344 1474 auctore
1365 1418 1486 1491 accepi,
1513 1436 1535 1474 a

229 1518 399 1576 Columella
420 1517 467 1574 XI
483 1520 511 1582 1,
534 1534 636 1590 neque
651 1515 737 1571 amisi
753 1533 791 1571 ex
807 1515 909 1572 animo
927 1534 995 1572 curn
1011 1515 1194 1573 Vmbrorum
1214 1525 1415 1574 monumenta
1431 1517 1534 1574 latine

229 1627 348 1675 vertere
370 1627 402 1675 et
423 1619 587 1692 explanare
610 1625 739 1673 conatus
764 1633 839 1692 sum,
863 1617 999 1689 quamvis
1022 1618 1116 1673 multa
1137 1618 1232 1674 ineis
1256 1617 1370 1690 scripta
1392 1617 1536 1675 viderem

230 1736 309 1794 quae
331 1720 362 1776 in
384 1718 560 1794 praesentia
583 1726 635 1773 aut
658 1717 783 1772 omnino
805 1733 869 1772 non
892 1717 1022 1791 adsequi
1046 1726 1099 1773 aut
1121 1726 1206 1774 certe
1229 1734 1292 1773 uon
1313 1717 1405 1792 plena
1429 1719 1535 1792 perci·

230 1837 303 1893 pere
325 1819 536 1894 intellegentia
560 1835 731 1892 possemus.
778 1834 882 1873 verum
905 1835 996 1891 quam
1014 1818 1086 1873 utile
1111 1836 1147 1874 ac
1172 1818 1306 1875 salutare
1329 1827 1375 1875 est
1397 1817 1476 1875 fines
1501 1826 1537 1875 et

230 1921 376 1977 terminos
399 1920 548 1976 scientiae
569 1919 611 1975 ita
635 1917 821 1974 constitutos
845 1926 875 1973 et
900 1919 1041 1991 cognitos
1065 1917 1179 1974 habere
1194 1928 1229 1976 ut
1245 1928 1329 1975 certa
1351 1926 1382 1974 et
1405 1919 1470 1976 veri
1490 1919 1535 1975 si·

230 2021 320 2088 milia,
343 2021 511 2095 probabilia
533 2031 565 2076 et
587 2019 753 2093 opinabilia
776 2029 807 2074 et
829 2020 1019 2075 incredibilia
1036 2020 1203 2088 discernas,
1228 2029 1290 2077 tam
1313 2029 1345 2075 et
1366 2020 1536 2093 indignum

231 2119 365 2176 humano
388 2121 510 2194 ingenio
534 2127 567 2176 et
589 2121 620 2175 in
642 2121 788 2193 qualubet
812 2130 876 2176 arte
911 2122 1095 2176 damnosum
1125 2120 1266 2175 existimo
1294 2119 1413 2192 gloriari
1441 2119 1536 2192 igno·

231 2221 329 2277 rantia
353 2230 384 2276 et
407 2222 609 2296 adquiescere
630 2221 660 2276 in
685 2239 724 2277 ea
745 2222 873 2295 perinde
896 2236 933 2278 ac
957 2222 981 2278 si
998 2222 1139 2277 virtutem
1159 2221 1206 2276 vel
1230 2220 1396 2277 sollertiam
1417 2221 1536 2294 adqui·

232 2323 317 2381 sieris
340 2331 371 2378 et
392 2323 511 2379 nescire
533 2322 624 2378 malle
648 2323 732 2396 quod
755 2323 875 2378 nescias
899 2339 990 2394 quam
1014 2321 1186 2377 addiscere.
1222 2321 1304 2378 velut
1323 2338 1418 2395 nuper
1443 2323 1536 2395 quod

232 2426 303 2481 lecit
326 2424 369 2479 vir
389 2425 469 2480 inter
491 2423 598 2480 Gallos
622 2422 805 2480 clarissimus
828 2424 1051 2496 plurimumque
1075 2431 1212 2479 versatus
1246 2422 1278 2478 iu
1301 2421 1442 2479 dialectis
1467 2422 1536 2480 Ita·

232 2527 328 2583 lorum
352 2525 608 2590 commentandiS,
631 2542 691 2579 non
716 2524 864 2580 laudarim
887 2525 1031 2597 equidem
1055 2533 1201 2596 tanquam
1224 2530 1308 2578 recte
1329 2530 1384 2578 aut
1406 2524 1536 2597 sapien·

231 2637 278 2683 ter
298 2627 422 2698 factum,
446 2627 497 2700 qui
521 2644 588 2682 cum
612 2624 687 2702 ners
702 2625 884 2681 Vmbrorum
908 2627 985 2681 deos
1009 2625 1168 2680 statuisset
1183 2624 1289 2690 Lares,
1313 2640 1457 2680 oscorum
1477 2640 1536 2681 au·

231 2732 293 2785 tem
316 2728 472 2784 titulorum
493 2727 668 2783 testimonia
689 2727 886 2801 neglexisset,
921 2726 1028 2782 horum
1061 2725 1237 2782 admonitus
1270 2733 1382 2798 postea
1410 2725 1536 2781 incom-

232 2830 358 2885 modum
380 2828 564 2884 monitorem
590 2829 632 2883 lta
663 2828 719 2883 sibi
743 2828 823 2883 visus
847 2836 893 2883 est
922 2827 1068 2901 repellero
1090 2844 1198 2900 posse,
1233 2835 1265 2881 ut
1294 2825 1335 2881 de
1363 2844 1439 2883 osco
1469 2828 1535 2885 isto

233 2930 382 2986 vocabulo
405 2929 475 2985 nihil
499 2947 621 3003 prorsus
644 2938 834 3002 compertum
853 2947 922 2984 esse
945 2937 1080 2984 narraret
1110 2927 1276 2984 festivitate
1302 2926 1383 2984 bella
1406 2935 1438 2984 et
1462 2946 1535 2986 ver·

230 3032 348 3088 nacula.
393 3040 424 3087 at
448 3029 574 3105 Capuae
599 3034 718 3104 signum
753 3033 803 3106 qui
833 3033 897 3088 lovi
925 3033 1027 3106 posuit
1056 3032 1129 3090 llllin.
1153 3030 1320 3087 Caesellius
1347 3029 1473 3098 MeuaS,
1499 3039 1538 3088 ut

232 3132 351 3189 Romae
374 3133 407 3191 L.
425 3133 583 3190 Cornelius
607 3133 709 3208 Scipio
733 3143 879 3207 quaestor
902 3135 947 3189 vel
963 3133 1001 3204 Q.
1019 3134 1160 3189 Lutatius
1184 3130 1311 3188 Catulus
1333 3131 1440 3187 consul
1457 3133 1537 3189 scri·

231 3232 357 3299 buntur,
382 3234 425 3290 sic
447 3234 497 3289 illc
521 3234 694 3289 nominibus
725 3235 787 3289 suis
821 3234 946 3290 honoris
975 3243 1006 3291 et
1033 3235 1192 3308 diguitatis
1216 3234 1360 3291 indicium
1389 3232 1538 3290 adiunxit

231 3333 290 3390 hoc
312 3352 373 3391 ner.
419 3335 501 3390 etin
525 3334 629 3391 tabula
645 3334 777 3390 Bantina
794 3352 863 3389 cum
886 3353 904 3389 a
926 3350 1054 3389 censore
1073 3336 1114 3389 ad
1130 3344 1305 3408 praetorem
1327 3344 1359 3392 et
1379 3342 1535 3409 quaesto·

230 3452 302 3502 rem,
327 3435 365 3489 ab
389 3434 433 3490 his
450 3436 492 3491 ad
506 3453 607 3491 nerum
623 3435 847 3491 multitudinem
863 3435 1035 3490 descendat
1051 3437 1161 3503 orati0,
1184 3444 1248 3492 tum
1264 3437 1401 3511 quisquis
1423 3455 1534 3494 nerum

231 3535 324 3590 sitne
347 3543 456 3608 postea
480 3536 618 3591 tribunus
633 3536 729 3610 plebis
746 3535 798 3592 liat
817 3544 950 3592 cavetur.
985 3553 1058 3608 ergo
1074 3535 1130 3592 hos
1148 3536 1272 3610 quidem
1290 3537 1437 3613 primores
1458 3537 1536 3595 civi·

230 3636 302 3692 tatis
326 3644 482 3692 versantes
506 3655 576 3693 cum
598 3636 771 3693 hominibus
794 3637 985 3710 publicisque
1005 3637 1167 3710 fungentes
1190 3639 1367 3695 muneribus
1390 3638 1535 3712 liquidis·

231 3737 306 3793 sime
328 3754 476 3809 negamus
499 3736 593 3794 fuisse
615 3739 701 3796 deos,
747 3738 905 3793 sedenim
932 3756 1010 3793 vana
1041 3757 1100 3811 ego
1134 3739 1206 3794 nolo
1234 3739 1380 3795 insectari
1406 3739 1536 3797 utiliora

230 3838 400 3895 moniturus
427 3839 553 3896 iuvenes
582 3840 698 3895 dociles
726 3848 756 3895 et
784 3847 923 3894 amantes
951 3840 1020 3897 veri.
1064 3839 1179 3895 formae
1210 3841 1372 3896 verborum
1394 3840 1424 3896 in
1447 3841 1535 3898 oscis

230 3939 437 4015 umbricisque
459 3941 664 3997 monumentis
688 3941 780 3996 bodie
804 3958 977 4014 perpaucae
1005 3949 1124 3997 restant
1153 3959 1229 4015 quas
1259 3943 1315 3997 tiro
1344 3958 1408 3998 non
1435 3951 1537 4015 queat

231 4057 268 4096 ea
291 4047 380 4097 tenus
404 4043 550 4115 expedire
573 4051 604 4097 ut
628 4042 720 4097 latine
743 4042 864 4108 reddat,
888 4051 1051 4115 postquam
1076 4043 1161 4099 docti
1184 4052 1215 4099 et
1237 4041 1356 4098 nobiles
1376 4059 1534 4116 gramma·

231 4140 281 4196 tici
304 4142 516 4215 disceptarunt
539 4152 633 4216 atque
655 4143 864 4209 inlustratum,
892 4143 1028 4215 inprimis
1052 4144 1201 4199 variarum
1225 4143 1395 4216 linguarum
1417 4159 1476 4199 usu
1496 4152 1535 4201 et

232 4242 420 4299 similitudini
442 4244 492 4317 qui
515 4245 728 4301 adsueverant.
774 4245 830 4300 sed
853 4243 895 4299 vis
920 4246 1081 4300 verborum
1104 4262 1140 4301 ac
1165 4252 1304 4318 potestas
1332 4242 1534 4303 multifariam

233 4342 335 4399 adbuc
358 4343 431 4400 latet
457 4345 592 4401 involuta
614 4344 757 4411 tenebris,
781 4362 896 4419 easque
919 4353 965 4400 tot
990 4345 1130 4401 homines
1148 4345 1220 4401 ideo
1240 4345 1393 4400 discutere
1416 4342 1534 4403 frustra

231 4444 426 4512 studuerunt,
449 4447 534 4520 quod
556 4446 692 4520 plerique
715 4463 822 4520 parum
844 4447 983 4503 instructi
1006 4456 1092 4502 erant
1116 4464 1153 4501 ea
1177 4463 1237 4519 qua
1259 4443 1335 4519 opu's
1358 4452 1408 4503 est
1428 4462 1535 4505 rerum

232 4543 425 4617 antiquarum
449 4547 640 4620 cognitione,
668 4565 737 4620 pars
760 4547 936 4620 posthabita
958 4556 1042 4603 recta
1065 4547 1113 4601 via
1136 4564 1171 4603 ac
1195 4546 1262 4601 solo
1286 4545 1385 4602 stabili
1409 4546 1536 4623 lougin-

232 4661 324 4718 quunr
347 4646 404 4701 iter
424 4656 455 4703 et
480 4648 663 4704 nebulosum
680 4649 881 4722 temptabant.
920 4648 992 4703 milri
1012 4649 1140 4721 primunr
1157 4656 1187 4703 et
1203 4648 1385 4704 tutissimum
1400 4647 1431 4703 in
1447 4650 1537 4707 omni
