3742 5364
911 326 970 386 176

294 525 341 572 est
363 513 550 573 declinatum
573 531 628 588 per
650 521 790 588 tempora
812 521 846 570 ut
869 513 999 588 paravit,
1022 530 1097 572 osca
1112 514 1250 589 perfecta
1273 514 1431 594 alkdas-ed
1448 517 1518 579 sim.
1558 518 1601 576 ad

290 617 387 692 ipsam
411 617 562 692 loquelam
585 614 622 675 cf.
646 616 732 690 quod
752 614 878 671 Plautus
895 631 932 669 ex
950 612 1064 671 fabrica
1084 616 1215 690 sumpsit
1230 617 1356 674 verbum
1379 619 1601 676 deruna'natus

292 718 461 774 deartuatus
481 736 543 774 sum
565 712 662 792 (capt.
686 719 744 775 641
770 710 856 790 672),
888 724 975 771 artua
1008 716 1153 773 articulos
1175 726 1282 788 artem,
1318 712 1463 793 ἀρτύεινῑ
1488 719 1599 795 dispo·

290 819 395 875 nendo
418 818 634 894 componendo
657 816 820 874 adornavit
842 816 1014 890 sepulcrum
1034 815 1138 882 lt'rrrsr's,
1161 818 1247 893 quod
1263 817 1381 876 Latinis
1395 818 1598 895 gentilicium

290 936 404 976 nomen
426 928 474 976 est
498 918 628 977 Coesius
650 916 772 985 Cusius‚
795 916 1035 973 diversissimum
1057 936 1076 974 a
1098 916 1200 978 Curio.

389 1020 445 1079 Bl
471 1020 662 1094 complerant
684 1035 804 1075 versum
827 1018 957 1085 litterae,
981 1026 1131 1093 apparent
1154 1017 1302 1092 fragmina
1325 1020 1414 1094 quasi
1438 1020 1596 1082 talium

283 1121 313 1196 fi
325 1123 439 1179 vr‘cdum
462 1121 546 1179 haud
561 1121 625 1178 scio
642 1139 682 1178 an
697 1120 771 1177 satis
789 1120 1005 1178 convenientia
1020 1119 1170 1177 Huschkii
1185 1121 1402 1196 supplemento
1412 1122 1598 1196 sepulcrum.

389 1226 409 1282 4
431 1223 594 1298 scripserat
615 1231 669 1279 ant
690 1221 855 1296 scripturus
879 1230 946 1278 erat
968 1221 1072 1279 locavit
1085 1222 1230 1293 aldclud,
1256 1223 1393 1280 versibus
1416 1222 1599 1299 interrupta

290 1325 378 1384 aliter
400 1324 566 1384 contexuit.

388 1429 406 1486 7
430 1426 528 1486 lokan.
552 1425 631 1482 clare
654 1441 722 1481 cum
745 1422 942 1481 distinctione
965 1423 1052 1500 lapis
1080 1433 1145 1483 tum
1176 1424 1347 1481 secundum
1374 1422 1509 1499 antiqua
1542 1442 1598 1483 ex·

288 1527 434 1604 emplaria
456 1527 502 1595 ko,
525 1525 694 1583 secundum
717 1524 960 1581 Ritschelianum
983 1526 1080 1600 magis
1096 1544 1110 1581 c
1125 1525 1248 1600 quamk
1269 1532 1300 1582 et
1315 1525 1415 1582 minus
1430 1542 1447 1581 o
1462 1542 1563 1599 quam
1577 1533 1597 1586 t.

287 1627 361 1686 nihil
385 1637 488 1685 tamen
510 1636 573 1684 tam
597 1627 741 1684 credibile
757 1644 849 1700 quam
869 1621 991 1700 ls'0[isr's.
1014 1628 1045 1683 in
1069 1626 1155 1683 lokan
1172 1627 1255 1702 quod
1271 1627 1391 1683 videtur
1412 1626 1501 1683 idem
1517 1644 1594 1684 esse

289 1747 326 1787 ae
347 1729 469 1793 locavit,
492 1727 595 1785 thema
617 1727 744 1802 perfecti
767 1727 983 1801 amplificatum
1005 1735 1096 1802 putes
1123 1728 1163 1784 ad
1187 1727 1417 1784 similitudinem
1442 1726 1598 1800 Iguuino-

288 1847 354 1885 rum
377 1830 450 1904 Imp.
472 1827 633 1903 combrfialu
656 1828 709 1885 fut.
733 1845 780 1888 ex.
803 1816 1031 1902 combz'fianliusl.

927 2146 946 2205 6

488 2327 625 2393 ..nuvi
649 2331 717 2387 dun
740 2330 799 2389 dr.
834 2378 840 2389 .
877 2377 882 2389 .
1009 2324 1181 2389 ..eduvie
1207 2331 1301 2388 dunu
1322 2331 1383 2390 d..

488 2426 713 2493 ..herinties
745 2427 801 2490 is,
836 2479 842 2491 .
878 2479 883 2490 .
1008 2427 1199 2490 ..herintie
1223 2427 1324 2492 istui.
1348 2479 1383 2492 ..

488 2528 668 2595 ...tvdis
692 2528 735 2591 A.
756 2526 882 2592 S.H..
1008 2526 1263 2591 ..Hurtentius
1285 2580 1290 2592 .
1315 2580 1322 2593 .
1346 2581 1383 2593 ..

486 2631 602 2695 {ludin
632 2629 672 2696 T.
695 2629 720 2695 Ι.
742 2627 848 2693 Ven.
876 2679 883 2692 .
1007 2629 1187 2693 ..etvedis
1221 2629 1260 2694 T.
1273 2628 1298 2694 I.
1309 2628 1382 2693 V..

487 2730 669 2795 ahatrunie
929 2758 941 2794 s

385 2939 503 2998 lamella
525 2949 655 3014 utroque
677 2956 714 2995 ex
741 2939 836 2996 latere
861 2938 1005 3012 inscripta
1028 2938 1135 2996 litteris
1163 2939 1307 2996 umbricis
1335 2939 1461 2999 inventa
1482 2942 1517 3000 in
1541 2963 1593 3003 se·
1669 3008 1675 3021 ,

285 3042 391 3116 pulcro
415 3043 480 3115 agri
503 3043 638 3099 Amerini
660 3041 838 3116 pervenisse
861 3039 953 3097 fertur
968 3040 999 3096 in
1018 3057 1159 3096 muscum
1178 3038 1425 3116 Neapolitanum.
1459 3044 1504 3101 ibi
1519 3064 1594 3105 eam

285 3160 435 3218 nusquam
459 3161 635 3218 comparere
658 3143 869 3199 Mommscnus
893 3140 1055 3197 Huschkio
1079 3137 1169 3216 (mus.
1186 3141 1270 3201 rhen.
1289 3142 1335 3199 XI
1359 3162 1386 3218 p.
1401 3145 1487 3218 361),
1512 3148 1593 3206 mihi

284 3244 377 3300 lulius
394 3245 436 3301 de
451 3242 544 3301 Petra
563 3252 596 3300 et
612 3243 775 3300 Renardus
791 3240 911 3299 Kekule
935 3240 1144 3310 adfinnarunt,
1167 3259 1242 3315 ergo
1264 3244 1355 3318 periit
1377 3253 1430 3301 aut
1453 3248 1592 3320 perInde

285 3351 332 3400 est
347 3361 385 3399 ac
401 3344 425 3399 si
441 3345 540 3418 periit,
565 3344 731 3418 deficitque
754 3343 830 3400 fides
851 3342 1077 3399 examinantem
1100 3342 1229 3416 singula.
1267 3344 1456 3403 Lanzianum
1477 3351 1592 3407 exem·

284 3445 350 3518 plar
371 3446 559 3519 repetierunt
581 3446 617 3505 A.
636 3445 675 3505 Κ.
699 3447 759 3504 tab.
780 3447 818 3502 10
831 3445 861 3502 d.
890 3444 921 3500 in
950 3443 1046 3500 altero
1080 3444 1168 3500 titulo
1201 3445 1331 3519 primum
1363 3446 1464 3504 locum
1496 3458 1592 3509 tenet

284 3544 453 3603 Betuedius
475 3545 532 3617 lita
554 3545 728 3603 Huschkius
752 3545 946 3613 credibiliter,
970 3545 1011 3600 ita
1034 3545 1112 3600 ordo
1135 3545 1265 3603 virorum
1286 3565 1325 3604 ex
1349 3547 1521 3608 litterarum
1538 3570 1592 3610 or·
1624 3574 1628 3579 ·

284 3646 357 3703 dine
379 3655 470 3720 aptus
493 3642 562 3721 est),
584 3647 613 3704 in
637 3647 734 3704 altero
756 3645 924 3705 Hortensii.

386 3750 399 3805 l
431 3748 572 3807 ..eduum
593 3750 674 3804 dunu
697 3741 810 3824 d[edes‚
834 3748 896 3803 deo
920 3747 964 3804 sic
987 3747 1188 3805 denominato
1211 3757 1245 3805 ut
1268 3748 1440 3809 Grabovius
1462 3761 1534 3811 erat
1555 3765 1590 3814 et

283 3848 432 3918 Fisovius‚
455 3849 572 3906 donum
595 3850 759 3906 dederunt.

383 3952 401 4008 2
429 3949 565 4007 herinlies
588 3952 652 4009 dat.
675 3950 734 4010 abl.
759 3949 917 4019 volentiiS,
940 3959 974 4006 ut
996 3951 1125 4019 videtur,
1159 3953 1274 4028 gratiis.
1325 3970 1498 4028 pronomen
1529 3964 1589 4017 esto

283 4058 331 4108 est
353 4051 496 4124 IguviniS,
519 4058 572 4108 este
594 4053 686 4128 istud,
709 4052 766 4108 islu
788 4052 888 4126 potuit
911 4069 979 4108 esse
1002 4052 1128 4110 istorum
1146 4053 1237 4111 istum
1260 4054 1319 4111 ista
1341 4055 1399 4114 isti.

382 4155 400 4211 3
424 4151 598 4209 Hurtenlius
621 4154 645 4210 si
669 4163 753 4210 recte
777 4154 933 4222 traditum,
955 4154 980 4210 si
1001 4165 1086 4211 recte
1105 4156 1216 4213 saltem
1233 4157 1407 4215 terminatio
1423 4157 1588 4236 descripta

282 4262 330 4310 est
351 4255 381 4311 in
404 4247 636 4331 H[ur]=‘lulliu,
670 4256 733 4312 duo
763 4254 921 4312 Hortensii
949 4257 1091 4313 dicuntur
1112 4258 1254 4331 dedisse,
1279 4275 1465 4333 quamquam
1486 4276 1588 4321 unum

282 4373 470 4429 praenomen
493 4355 588 4412 fertur
609 4375 646 4414 ac
669 4374 732 4414 non
755 4357 879 4431 duplex,
902 4375 973 4414 nam
997 4354 1029 4413 S.
1052 4368 1171 4432 patrem
1197 4360 1322 4419 indicat..

380 4459 577 4515 4extremus
610 4451 709 4533 Ven[is
730 4457 854 4516 Venius
898 4459 1053 4516 abalrunr'e
1076 4461 1161 4533 quod
1184 4461 1329 4518 omissum
1357 4470 1405 4518 est
1427 4462 1459 4520 in
1482 4464 1587 4525 altera

281 4566 377 4632 parte,
402 4558 472 4614 vide
494 4576 534 4614 an
556 4557 716 4632 epitheton
739 4558 777 4615 sit
805 4567 858 4616 aut
885 4561 1070 4617 adiectivum
1101 4559 1295 4619 referendum
1323 4563 1364 4619 ad
1393 4563 1489 4621 deum
1513 4575 1586 4627 tan·

282 4673 373 4732 quam
395 4658 460 4718 dat.
484 4658 615 4723 Alrom'o,
639 4659 670 4714 in
693 4658 792 4716 latinis
817 4661 908 4717 titulis
930 4680 958 4718 v.
980 4679 1003 4720 S.
1028 4661 1047 4719 l.
1069 4663 1187 4720 merito,
1508 4638 1511 4642 ‚
