3742 5364
714 513 733 568 2

153 610 288 674 Cubrar
324 618 455 673 matrer
494 608 553 672 bio
592 630 654 671 eso
706 643 709 649 ·
775 611 883 669 Bonae
906 611 1011 670 matris
1033 612 1085 669 bia
1105 611 1200 669 haec:

177 719 279 774 oseto
301 709 452 772 cisterno
481 730 513 774 n.
537 709 580 773 C·
595 709 653 774 IV
797 713 880 770 lacta
903 713 1037 771 cisterna
1057 732 1087 799 n.
1109 711 1266 774 CLVIHI

179 831 219 874 su
240 822 419 873 maronato
584 809 652 872 IIII
798 813 855 870 sub
878 822 1040 870 maronato

177 911 372 977 V.L.Varie
410 911 449 975 T.
458 911 495 976 C.
505 911 534 974 F
535 911 652 976 ulonie
796 912 834 973 V.
847 913 929 972 Varii
945 915 978 975 L.
993 914 1012 975 f.
1036 913 1073 974 T.
1085 915 1215 973 Fullonii
1227 913 1261 975 C.
1269 915 1288 973 f.

175 1119 317 1178 lammina
331 1117 432 1176 latinis
445 1117 554 1176 litteris
565 1116 724 1192 inscripta,
741 1117 765 1174 si
781 1125 865 1175 recte
877 1117 1016 1187 aestim0,
1034 1117 1208 1176 Gracchani
1224 1118 1301 1187 aevi,
1317 1120 1373 1176 ad·

76 1224 136 1280 fixa
162 1222 246 1278 labro
262 1219 336 1277 dolii
358 1219 458 1278 fictilis
475 1221 562 1295 quod
576 1218 706 1277 culindri
722 1219 851 1276 formam
866 1218 975 1276 habuit
988 1227 1041 1277 aut
1057 1200 1127 1277 corii
1141 1220 1235 1277 retusi
1252 1217 1373 1293 (taxata

76 1332 125 1380 est
147 1323 313 1380 diametrus
336 1321 523 1380 centimetris
544 1323 585 1380 60
600 1320 730 1378 altitudo
747 1321 788 1379 50
804 1320 976 1378 crassitudo
992 1315 1034 1394 8),
1058 1320 1172 1378 inventi
1195 1321 1225 1377 in
1241 1339 1373 1378 caverna

77 1426 195 1483 silicum
217 1443 296 1500 quae
319 1423 492 1499 quadruplo
516 1422 646 1496 amplior
668 1423 795 1499 octuplo
826 1421 916 1479 altior
938 1422 1043 1479 excisa
1071 1441 1088 1478 e
1111 1440 1184 1497 rupe
1213 1431 1244 1480 et
1265 1430 1373 1497 parata

77 1535 143 1584 arte
166 1535 223 1595 est,
244 1545 343 1602 prope
362 1543 475 1600 pagum
497 1525 629 1582 Fossato
654 1525 686 1581 di
713 1522 791 1582 Vico
815 1524 856 1581 ad
877 1525 957 1583 viam
983 1525 1162 1582 Flaminiam
1189 1542 1280 1600 supra
1301 1523 1372 1580 Ful·

75 1627 215 1704 giniates.
250 1627 302 1684 ubi
321 1629 501 1685 adservetur
522 1626 666 1684 lammina
688 1628 774 1695 latet,
797 1627 962 1703 imaginem
984 1628 1023 1685 ab
1042 1615 1212 1683 Ariodante
1236 1626 1372 1684 Fabretti

75 1729 266 1804 propositam
289 1728 411 1804 repetiit
431 1727 546 1785 Iordan
571 1728 786 1803 quaestionum
808 1724 1371 1803 umbricarum(Regimontila.1882)

75 1850 105 1905 p.
118 1832 148 1889 4.
192 1828 229 1889 cs.
253 1828 369 1886 Placidi
391 1828 529 1903 glossam
550 1846 581 1902 p.
608 1827 745 1897 43,8D.
758 1827 884 1906 favisae
904 1837 1012 1903 specus,
1030 1826 1140 1905 fossae
1169 1828 1310 1902 quaedam
1342 1828 1372 1884 in

82 1929 222 2004 Capitolio
243 1948 318 2004 quac
341 1930 372 1986 in
395 1930 507 1986 modum
529 1929 723 1985 cisternarum
739 1935 860 1986 cavatae
882 1928 1067 2003 excipiebant
1083 1929 1159 1985 dona
1176 1928 1263 1996 Ionas,
1286 1928 1373 2002 siqua

76 2037 185 2088 vetusta
201 2036 287 2088 crant
305 2030 450 2088 homilium
473 2049 491 2086 a
504 2030 605 2110 fruge
628 2032 727 2087 danda
743 2032 899 2105 (corrupta
915 2039 1062 2099 extrema,
1078 2030 1176 2087 Varro
1189 2027 1280 2085 Gellii
1291 2027 1319 2084 II
1332 2029 1372 2087 10

76 2133 164 2207 signa
186 2141 289 2190 vetera
311 2140 344 2190 et
365 2132 425 2191 alia
447 2133 601 2207 quaedam
629 2131 773 2207 religiosa
800 2150 817 2189 e
841 2132 931 2190 donis
954 2131 1143 2190 consecratis
1166 2122 1268 2204 dixit),
1292 2127 1371 2186 eius·

77 2236 150 2292 dem
171 2254 200 2310 p.
221 2235 326 2303 3212
353 2235 475 2294 doliola.

178 2339 193 2395 1
224 2353 349 2411 cuprum
371 2332 434 2393 s'ive
462 2345 580 2410 cyprum
602 2333 712 2394 Sabine
735 2336 838 2392 bonum
866 2342 945 2393 teste
972 2333 1111 2393 Varrone
1132 2336 1150 2394 l.
1170 2334 1221 2390 lat.
1247 2332 1276 2387 V
1300 2333 1370 2391 159.

75 2438 107 2494 in
130 2437 244 2494 Piceno
267 2438 327 2493 dea
350 2435 452 2512 Cupra
474 2455 534 2512 quo
555 2437 679 2494 nomine
702 2432 760 2511 τὴν
775 2431 878 2512 Ἥραν
895 2437 996 2494 vocari
1016 2437 1126 2494 Strabo
1142 2436 1185 2493 ait
1204 2443 1235 2491 et
1251 2433 1371 2508 Cuprae

75 2538 179 2604 urbes,
209 2539 291 2596 vicus
324 2537 453 2615 Cyprius
476 2539 606 2607 Romae,
629 2557 736 2617 ‚prope
758 2539 896 2613 Iguvium
919 2539 1002 2596 Mars
1025 2537 1151 2615 Cyprius
1183 2532 1371 2613 (Mommsen

75 2638 148 2697 dial.
170 2639 237 2698 Ital.
257 2658 287 2714 p.
300 2634 385 2714 350).
430 2656 543 2714 magna
564 2649 672 2704 mater,
696 2641 778 2698 bona
798 2642 874 2709 dea,
907 2641 985 2698 Iuno
1011 2640 1109 2715 sispes
1137 2647 1234 2695 mater
1255 2636 1369 2712 regina.

75 2740 117 2795 de
141 2740 226 2798 viae
248 2747 403 2815 potestate
426 2740 558 2798 numinis
584 2758 642 2798 nos
661 2741 764 2799 titulus
787 2761 850 2799 non
872 2742 946 2800 sacit
968 2742 1129 2808 certiores,
1153 2741 1277 2797 inventa
1300 2745 1371 2795 sunt

73 2841 190 2898 ibidem
213 2860 284 2899 ossa
307 2841 443 2916 corporis
466 2850 497 2898 et
520 2841 681 2900 vitreorum
704 2844 898 2900 vasculorum
921 2843 1101 2918 fragmenta.
1146 2851 1245 2899 terrae
1267 2839 1371 2896 matris

73 2942 222 3016 gremium
249 2942 339 3000 tribui
360 2942 499 3010 mortuis,
533 2943 632 3000 solum
664 2942 801 3018 frugibus
835 2944 992 3019 expiatum
1017 2944 1090 3002 vivis
1117 2944 1207 3000 reddi
1233 2939 1370 2998 omnium

74 3042 269 3117 antiquorum
291 3042 347 3100 fuit
369 3043 482 3118 opinio.

174 3142 230 3202 bio.
267 3144 425 3219 inscriptio
449 3145 515 3202 saxi
537 3145 623 3203 tofini
645 3146 676 3203 in
699 3146 852 3223 Paelignis
879 3156 999 3222 reperta
1026 3164 1103 3203 mus.
1126 3146 1211 3203 rhen.
1235 3144 1369 3202 XXXIII

74 3263 105 3318 p.
120 3247 158 3302 41
182 3253 246 3304 not.
269 3246 370 3301 medix
393 3241 511 3324 Aiicus)
529 3245 606 3304 briam
629 3248 735 3305 localia
755 3243 759 3327 Ι
778 3248 813 3308 P.
836 3246 959 3306 Sadrics
977 3241 1024 3325 T)
1049 3247 1078 3306 V.
1103 3246 1212 3321 Popdis
1237 3246 1269 3314 T,
1298 3245 1370 3302 nihil

21 3420 24 3423 ι
74 3345 165 3401 deest
188 3345 360 3404 sententiae
383 3356 437 3405 aut
459 3348 554 3417 verbi,
586 3349 744 3406 meddlces
768 3349 848 3407 Arici
870 3350 952 3408 biam
975 3349 1114 3407 locarunt
1137 3347 1169 3405 P.
1194 3346 1309 3404 Satrius
1332 3346 1369 3404 T.

75 3444 93 3504 l.
107 3444 144 3504 V.
167 3445 313 3520 Popidius
330 3446 367 3505 T.
384 3446 402 3504 f.
437 3449 671 3508 obscurissimus
693 3451 770 3525 lapis
786 3450 963 3508 Picentinus
982 3444 1157 3527 (Crecchio)
1172 3448 1203 3505 in
1226 3465 1287 3524 quo
1309 3447 1369 3504 kam

74 3546 140 3602 enei
159 3544 212 3602 bie.
235 3547 404 3604 masculino
434 3556 489 3606 aut
517 3558 629 3607 neutro
652 3568 766 3625 genere
796 3551 901 3609 tabula
923 3548 1077 3608 Veliterna
1110 3568 1190 3625 quae
1223 3555 1370 3607 statutam

74 3647 165 3703 divae
187 3664 205 3702 a
226 3647 346 3705 duobus
369 3648 562 3707 meddicibus
585 3669 650 3708 rem
683 3660 814 3710 testatur
842 3661 874 3708 et
908 3670 969 3726 qua
996 3651 1064 3727 lege
1087 3668 1176 3709 sacra
1198 3648 1369 3707 adferenda

58 3748 136 3805 'sint
156 3748 351 3822 praescribit:
378 3767 407 3805 se
429 3748 485 3806 bria
508 3747 582 3828 aris,
603 3754 706 3810 acsclzi
727 3755 798 3810 virm
823 3754 968 3827 arpalilu,
990 3760 1023 3811 ut
1045 3771 1106 3829 ego
1128 3753 1320 3827 Interpretor,
1343 3749 1369 3807 si

73 3847 189 3906 arulam
212 3849 288 3907 assis
310 3857 449 3908 mactans
473 3845 559 3927 (vide
583 3872 676 3930 supra
698 3873 727 3929 p.
741 3851 804 3930 89),
828 3855 959 3913 vasculis
979 3855 1048 3912 vino
1073 3853 1221 3931 appetito.
1259 3848 1368 3929 βωμὸν

73 3944 197 4025 βωμίδα
231 3967 267 4006 ex
295 3949 433 4008 Homero
467 3951 693 4030 Herodotoque
720 3955 882 4014 didicimus
914 3956 1035 4032 proprie
1064 3974 1135 4014 esse
1157 3949 1252 4032 βάσιν
1276 3955 1368 4032 βῆμα,

73 4050 210 4126 κρηπῖδα
232 4051 394 4128 πλατεῖαν,
417 4054 512 4112 ducta
534 4057 618 4112 unde
640 4056 766 4114 baetere
788 4065 820 4113 et
843 4056 954 4115 arbiter
969 4076 1007 4115 ex
1022 4058 1183 4133 gradilium
1205 4066 1236 4115 et
1258 4057 1369 4132 grada-

74 4161 175 4211 torum
200 4153 421 4228 significatione
444 4155 619 4216 vindicasse
645 4158 701 4216 sibi
731 4158 952 4234 proprietatem
980 4159 1040 4218 loci
1071 4160 1149 4218 sacri
1181 4158 1305 4234 capacis
1327 4158 1369 4216 ad

74 4256 158 4311 dona
181 4255 291 4314 divina.
335 4254 382 4313 bic
411 4266 557 4334 tanquam
586 4259 682 4317 altare
712 4259 762 4318 hie
792 4260 902 4318 dicitur
928 4279 1005 4336 opus
1039 4259 1155 4319 doliare
1183 4258 1304 4336 Cuprae
1337 4260 1369 4318 in

75 4356 216 4415 aedicula
237 4357 437 4416 subterranea
463 4370 686 4430 consecratum,
716 4361 747 4418 in
771 4361 922 4437 Paelignis
950 4380 1057 4421 saxum
1084 4379 1166 4419 nunc
1200 4361 1276 4418 rude
1304 4361 1369 4419 visu

74 4457 146 4514 olim
168 4458 351 4533 adparatum
374 4460 438 4534 sine
460 4460 556 4519 dubio
579 4470 611 4518 et
632 4463 766 4538 positum
788 4462 919 4537 publice,
943 4461 1003 4524 tim
1023 4465 1052 4524 in
1074 4462 1196 4522 Volscis
1217 4462 1284 4538 ipse
1306 4480 1370 4538 quo

74 4557 190 4616 hostias
215 4559 427 4619 sacrificabant
449 4562 535 4621 locus
558 4563 707 4622 altarium.

173 4661 191 4717 2
216 4665 289 4717 asela
310 4661 501 4737 participium
523 4662 587 4722 eius
610 4662 694 4721 verbi
726 4665 812 4725 cuius
844 4667 1070 4746 imperativum
1102 4673 1184 4726 oratu
1210 4679 1278 4721 esse
1300 4661 1378 4724 Aul·
