3742 5364
701 355 760 412 125
1303 351 1379 409 IIA4

74 536 198 600 eretu'.
248 531 386 598 Vestise
422 528 511 597 Sese
545 535 555 608 l
587 534 700 606 selme,
721 560 733 597 s
753 539 902 595 nollemus
926 531 1064 595 factum'.
1088 536 1226 593 Vesticio
1242 531 1379 603 Sanciol

74 639 262 718 Iuvepatre
291 630 377 698 'bum
411 636 581 716 perakne,
616 635 702 716 Spe·
755 657 884 708 sacrum,
896 639 960 696 Iovi
973 639 1051 712 patri
1064 639 1174 695 bovem
1187 637 1378 703 sollemnem,

74 747 154 801 ture
187 738 344 819 perakne
376 745 518 800 restatu.
561 739 564 813 l
606 736 702 798 Iuvie
755 741 893 814 Spectori
905 739 1052 796 sollemne
1064 729 1389 814 instauratolloviae

74 860 145 902 unu
179 839 288 901 erietu
311 838 414 901 sakre
441 838 588 918 pelsanu
617 836 699 901 fetu.
753 859 846 897 unum
881 841 1007 896 arietem
1041 857 1160 897 sacrum
1196 838 1378 913 pelsandum

74 941 174 1002 arviu
205 949 360 1012 ustentu‚
399 939 402 1019 l
429 938 511 1019 puni
532 937 618 1008 fetu,
649 946 699 998 ta·
752 941 855 1001 facito.
880 941 961 998 arvia
977 932 1262 1015 adhibet0‚lposca
1275 938 1377 1005 facite,

75 1036 134 1104 sez
158 1041 315 1121 pesnimu
341 1046 453 1120 adepe
475 1059 587 1101 torves,
609 1056 700 1118 pune
752 1040 1377 1116 tacitussupplicatoadipibusarviiS.cum

74 1142 238 1222 purtiius,
281 1140 285 1221 l
323 1161 393 1202 unu
432 1147 518 1202 sudu
557 1148 700 1220 pesutru
751 1143 931 1218 porrexeris,
953 1135 1072 1217 lunum
1095 1140 1377 1214 porciliaremper·

75 1241 151 1306 fetu
172 1243 325 1304 tikarnne
342 1242 447 1314 Iuvie,
470 1240 598 1321 kapide
618 1240 622 1320 l
642 1260 701 1320 pe·
754 1253 892 1301 sontrum
903 1243 996 1300 facito
1005 1240 1378 1305 invocationeloviaeea-

34 1406 39 1414 ,
74 1351 122 1405 du
149 1363 258 1424 preve
288 1342 371 1406 fetu.
417 1362 483 1422 ape
516 1341 700 1422 purtiiusu·
753 1337 961 1419 pidilfossam
985 1344 1079 1400 semel
1103 1342 1206 1398 facito.
1235 1342 1286 1397 ubi
1308 1358 1378 1414 por·

75 1452 136 1521 du,
173 1464 251 1506 erus
286 1453 370 1505 tetu.
418 1463 483 1504 enu
514 1442 699 1513 kumal'ltu‚
714 1459 738 1497 10
753 1444 1210 1519 rexerisporciliam,erusdato.
1223 1449 1378 1498 tumcom·

75 1749 238 1805 intercissa
261 1748 377 1804 diffissa
401 1749 443 1804 sie
467 1747 573 1804 Vmbri
598 1765 707 1804 vocare
728 1746 836 1821 forata,
861 1755 892 1802 et
903 1745 1074 1823 furcillare
1098 1739 1239 1823 (Plautus
1263 1746 1376 1805 Pseud.

76 1852 136 1908 631
152 1847 298 1926 surcz'lles
313 1847 401 1921 fidem
424 1849 456 1905 id
480 1858 528 1905 est
551 1849 653 1904 eleves
676 1850 842 1914 detrectes,
859 1847 1012 1922 ¹Placidus
1035 1841 1254 1926 ‘adsurcz'llovz'
1274 1847 1378 1902 subrui

75 1948 261 2006 labefactari
290 1944 469 2023 concussi’).
516 1950 594 2006 haec
627 1949 708 2006 malo
743 1949 887 2022 equidem
920 1949 951 2004 in
985 1950 1249 2023 comparationem
1284 1965 1376 2023 quam

75 2067 221 2123 graecum
243 2046 405 2123 πέφυρται
428 2068 596 2109 arcessere.

181 2151 200 2206 4
223 2148 336 2206 Graeci
351 2152 499 2223 precando
515 2150 702 2229 praefentur
722 2151 827 2208 Vestam
843 2171 919 2225 quae
941 2153 1005 2207 loca
1022 2153 1126 2225 przino
1148 2157 1222 2208 tenet
1235 2146 1377 2224 (Ovidius

77 2251 148 2307 fast.
172 2247 317 2323 V1303)‚
340 2251 459 2307 Romae
475 2251 505 2306 in
522 2250 651 2309 Vestam
674 2252 772 2309 omnis
795 2261 826 2309 et
848 2253 985 2326 precatio
1007 2262 1038 2310 et
1060 2252 1241 2310 sacrificatio
1263 2253 1377 2312 desinit

77 2344 203 2429 (Cicero
227 2353 266 2407 de
282 2359 345 2409 nat.
363 2352 393 2409 d.
415 2350 519 2424 1167).
564 2353 660 2409 simile
684 2370 798 2409 numen
822 2354 862 2410 ad
886 2371 953 2410 aras
970 2362 1003 2411 et
1025 2354 1111 2411 focos
1134 2352 1289 2427 pertinens
1303 2353 1376 2411 Vm·

76 2453 138 2508 bris
158 2452 305 2518 Vesticia,
329 2453 422 2508 immo
438 2470 503 2509 mas
520 2452 743 2510 fuitVesticius
760 2449 856 2528 (VIA
874 2451 939 2528 14):
964 2455 1002 2511 ab
1024 2455 1171 2528 sanguine
1188 2455 1327 2528 extisque
1351 2456 1376 2511 si

76 2554 203 2609 libanda
231 2553 394 2628 petebatur
416 2554 558 2620 vesticia,
596 2554 749 2610 Vesticius
775 2555 825 2611 hie
852 2564 939 2612 tanto
963 2555 1076 2615 melior.
1120 2555 1257 2612 dubitavi
1284 2556 1375 2612 etiam

86 2654 184 2709 Vezl’ei
206 2672 297 2729 quem
320 2656 417 2730 primo
439 2655 506 2711 loco
529 2657 610 2712 inter
629 2657 707 2712 deos
725 2655 828 2712 Cereri
851 2658 971 2713 iunctos
988 2656 1197 2713 Bovianenses
1217 2657 1375 2713 coluerunt

77 2774 117 2811 an
142 2758 227 2830 origo
252 2758 363 2813 eadem
388 2757 486 2823 luerit,
509 2758 587 2814 inter
620 2758 702 2814 Vezk·
725 2768 757 2815 et
787 2758 891 2814 Vestz'k·
915 2760 1112 2815 necessitudo
1137 2775 1174 2813 ea
1195 2743 1375 2831 quaeinter

78 2853 180 2931 μαζόν
204 2867 235 2914 et
258 2854 394 2931 μαστόν.
439 2859 503 2915 lovi
526 2860 605 2933 patri
629 2878 725 2934 penes
751 2878 842 2933 quem
866 2879 984 2916 summa
1008 2869 1080 2916 sunt
1102 2861 1157 2916 bos
1180 2860 1374 2921 instauratur.

76 2958 215 3015 Vesticio
238 2969 269 3015 et
296 2959 435 3034 Spectori
458 2979 521 3016 non
543 2962 696 3026 animalia,
729 2971 812 3026 certe
834 2979 897 3017 non
920 2961 1050 3029 maiora,
1085 2962 1141 3017 sed
1163 2960 1261 3015 honos
1284 2960 1375 3016 sacri·

77 3058 137 3115 ficii
162 3059 208 3114 vel
231 3062 330 3116 verbis
353 3061 552 3135 supplicantis
577 3062 701 3133 relatiua,
725 3072 756 3119 ut
779 3063 865 3118 sakre
888 3064 1047 3137 accepisse
1070 3070 1101 3117 et
1117 3061 1251 3135 perakne
1274 3061 1375 3128 velint,

77 3158 124 3215 vel
150 3168 238 3233 gestu
262 3162 379 3234 rituque
404 3180 566 3237 expressus
590 3181 628 3219 eo
646 3182 735 3238 quem
752 3148 905 3237 simplicia
915 3182 951 3220 ac
967 3182 1043 3237 pura
1066 3172 1097 3219 et
1113 3180 1150 3218 eo
1167 3179 1256 3237 quem
1274 3161 1376 3234 opima

77 3279 115 3316 ac
138 3260 296 3318 sollemnia
319 3281 408 3319 sacra
431 3264 604 3336 exigebant.
652 3263 773 3338 Spetme
804 3264 1000 3321 manifestum
1029 3273 1076 3320 est
1108 3264 1181 3319 ideo
1213 3261 1375 3318 sacrificari

77 3362 163 3434 quod
186 3363 269 3418 carni
291 3365 417 3436 speturz'e
439 3374 590 3438 praeerat,
614 3367 679 3422 noti
700 3375 768 3422 sunt
787 3383 863 3439 quos
879 3365 1012 3421 Romani
1035 3364 1239 3438 indigitabant
1256 3363 1286 3418 di
1300 3361 1375 3417 Ver·

77 3469 183 3516 vactor
205 3462 386 3536 lmporcitor
407 3464 519 3521 Insitor
532 3464 686 3523 Obarator
702 3465 836 3523 Occator
854 3467 974 3522 llllessor
997 3467 1044 3523 alii
1069 3466 1226 3539 segetibus
1250 3473 1280 3519 et
1297 3463 1375 3536 agri·

77 3563 211 3618 colatum
231 3565 357 3637 negotio
382 3583 438 3621 suo
462 3568 573 3641 cuique
596 3569 771 3642 praepositi.
813 3569 957 3641 quoniam
975 3578 1046 3626 exta
1060 3577 1120 3623 tam
1142 3566 1258 3623 consuli
1283 3583 1375 3639 quarn

77 3665 184 3738 inspici
207 3665 350 3723 dicuntur
364 3667 546 3743 hostiaeque
563 3670 813 3735 consultatoriae‚
837 3670 919 3726 iuvat
935 3670 1111 3725 meminisse
1126 3669 1210 3742 quod
1223 3667 1375 3749 Vopiscus

77 3766 108 3819 in
131 3765 190 3820 vita
212 3766 304 3822 Firmi
327 3770 424 3841 cap.3
447 3777 559 3837 narrat,
586 3771 754 3844 Apenninis
778 3771 909 3826 sortibus
943 3770 1113 3826 adductum
1146 3786 1216 3825 esse
1239 3769 1374 3825 Aurelia-

76 3883 148 3920 num
170 3874 203 3921 ut
225 3867 255 3921 in
278 3869 392 3942 templo
409 3869 485 3925 Solis
502 3873 682 3944 ponendum
706 3880 825 3928 curaret
844 3871 949 3928 Iovem
967 3889 1094 3927 aureum
1117 3889 1197 3943 quem
1222 3870 1377 3943 appellari

78 3967 215 4022 voluerat
236 3967 330 4022 lovem
360 3967 508 4025 Consulem
532 3971 579 4026 vel
605 3969 808 4029 Consulenlem.

177 4069 194 4125 6
219 4086 279 4122 unu
302 4070 407 4136 artata,
442 4073 460 4127 8
484 4090 544 4126 unu
572 4075 647 4128 sarda
675 4090 818 4129 numerus
846 4074 888 4129 ita
920 4075 1061 4131 definitus
1090 4083 1139 4129 est
1170 4072 1304 4129 eandem
1335 4073 1374 4128 ob

77 4185 200 4224 causam
225 4185 286 4243 qua
309 4169 447 4224 evenisse
472 4172 574 4226 monui
597 4183 631 4228 ut
646 4179 735 4245 preve
758 4174 923 4229 adderetur
944 4174 974 4228 in
998 4192 1023 4231 v.
1043 4176 1071 4240 9,
1106 4174 1192 4247 quod
1213 4173 1244 4227 in
1267 4188 1338 4227 aere
1360 4171 1373 4226 l

78 4277 185 4325 ternae
207 4270 327 4325 hostiae
359 4280 510 4344 perpetuo
540 4281 570 4328 et
602 4281 663 4330 tres
696 4292 759 4330 non
787 4276 897 4330 arietes
925 4275 1051 4349 quidem
1078 4276 1135 4331 sed
1163 4283 1265 4330 tamen
1289 4291 1373 4341 oveS,

78 4368 227 4424 habz'nnae
248 4381 456 4428 memorantur
478 4383 510 4430 et
535 4377 625 4429 sudus
642 4382 802 4448 pesuntrus
821 4378 892 4435 duo,
937 4377 987 4450 qui
1015 4394 1083 4432 cum
1107 4375 1200 4432 Tesro
1230 4375 1315 4430 lovio
1344 4383 1376 4431 et

76 4470 271 4526 immolentur
294 4481 324 4527 et
353 4476 581 4548 nuncupatione
610 4475 750 4530 sollemni
773 4475 938 4532 Telralium
967 4477 1155 4551 piaculorum
1184 4477 1376 4534 vindicentur

77 4570 210 4628 VlB28
224 4573 274 4638 37,
296 4590 359 4628 non
382 4574 513 4632 inaniter
535 4575 583 4631 hic
607 4576 658 4631 uhi
679 4576 794 4632 loviam
817 4577 860 4633 ita
883 4579 1018 4634 venerari
1041 4578 1156 4642 iuhent,
1178 4579 1274 4636 etiam
1295 4577 1375 4632 dico·

77 4691 139 4728 men
161 4673 344 4747 praecipitur
365 4683 398 4730 ut
422 4676 602 4732 nominatim
625 4676 657 4731 id
680 4675 783 4733 loviae
806 4695 926 4735 sacrum
950 4679 1009 4739 fiat.
