3742 5364
705 363 744 418 29
768 339 771 343 ⁴
886 329 891 338 ι
1299 356 1376 418 Vn3

74 541 302 627 pumpelfust
321 541 504 605 eikvasese
519 537 699 615 Atiiedier,
752 539 927 623 quomque)
949 547 1005 603 erit
1024 546 1111 621 pagis
1127 545 1267 615 Atiediis,
1290 547 1317 605 is
1332 549 1376 605 rei

75 668 136 710 ere
158 646 188 709 ri
210 644 342 718 esunel
363 643 498 717 kuraia,
521 641 700 724 prehabia,
720 661 733 699 5
754 646 875 704 divinae
894 644 903 716 l
920 657 1014 717 curet,
1029 648 1211 723 praehibeat
1225 649 1377 724 quidquid

73 748 156 830 pide
192 745 303 808 uraku
334 743 364 805 ri
387 764 495 807 esuna
516 742 519 826 l
541 743 570 806 si
591 744 700 818 herte,
752 750 794 805 ad
823 749 903 806 illam
924 767 988 806 rem
1011 743 1171 828 divinam)
1192 751 1231 809 sit
1253 758 1376 827 oportet

74 955 196 1013 urnaria
218 953 337 1010 Romae
361 951 549 1008 vocabantur
576 967 703 1007 mensae
727 949 757 1006 in
780 950 889 1024 quibus
912 951 1033 1025 positae
1059 959 1146 1008 erant
1168 969 1271 1021 urnae,
1296 953 1376 1010 vasis

77 1056 138 1113 hoc
171 1071 284 1112 nomen
318 1051 561 1126 antiquissimum
585 1050 641 1107 fuit
673 1052 704 1107 in
724 1051 812 1109 ltalia
834 1059 867 1107 et
888 1051 1008 1109 Vestali
1041 1051 1190 1126 religione
1213 1060 1376 1120 sacratum,

75 1157 197 1214 Romae
220 1155 328 1212 fratres
341 1153 468 1210 Arvales
492 1153 534 1209 ita
558 1152 730 1226 epulantur,
754 1161 787 1210 ut
807 1153 838 1209 in
859 1152 1053 1229 tetrastylum
1076 1153 1188 1210 fercula
1210 1172 1280 1210 cum
1294 1171 1376 1210 cam·

75 1259 164 1334 panis
189 1262 216 1312 el
236 1254 395 1312 urnalibus
416 1255 508 1310 mulsi
524 1254 710 1328 angulorum
732 1254 901 1311 inferantur
923 1249 967 1328 (in
982 1255 1058 1311 actis
1081 1255 1153 1311 anni
1170 1247 1255 1332 218),
1278 1253 1375 1311 Varro

77 1359 154 1415 vidit
186 1359 218 1414 in
248 1357 370 1432 publico
397 1356 536 1413 convivio
570 1355 761 1429 antiquitatis
795 1356 978 1412 retinendae
1002 1373 1105 1425 causa,
1138 1373 1208 1414 cum
1240 1355 1376 1429 magistri

77 1460 194 1527 fierent,
216 1458 376 1533 potionem
399 1457 582 1513 circumferri
603 1457 716 1531 pateris
740 1450 794 1534 (de
816 1457 833 1515 l.
857 1457 874 1515 l.
896 1456 925 1512 V
949 1453 1033 1528 122),
1058 1456 1228 1515 sacrificare
1252 1465 1283 1512 et
1300 1474 1375 1531 epu-

77 1562 131 1617 lari
154 1568 186 1618 et
209 1560 382 1617 consultare
398 1559 481 1616 casei
501 1559 605 1634 populi
626 1576 687 1614 uno
704 1567 843 1633 tempore
867 1558 946 1615 soliti
969 1568 1050 1626 sunt,
1073 1558 1220 1615 Germani
1235 1559 1276 1615 de
1297 1575 1376 1633 pace

78 1672 109 1719 et
131 1662 212 1720 bello
236 1660 448 1718 deliberabant
470 1661 501 1717 in
525 1661 669 1717 conviviis
690 1656 731 1736 (T
733 1679 779 1719 ac.
803 1660 906 1719 Germ.
931 1654 996 1737 22),
1029 1660 1156 1718 similem
1181 1677 1270 1717 usum
1292 1661 1376 1734 apud

79 1764 196 1821 Raetos
228 1762 407 1819 foederatos
430 1762 470 1817 ad
496 1769 634 1819 nostram
657 1761 836 1818 memoriam
857 1763 985 1818 durasse
1008 1761 1119 1821 audivi.
1165 1761 1209 1818 sic
1232 1759 1269 1817 ab
1294 1762 1375 1817 urnis

80 1863 263 1920 Vmbrorum
286 1871 454 1920 conventus
478 1863 556 1918 sacri
577 1862 618 1918 illi
640 1880 753 1918 nomen
775 1871 971 1936 acceperunt,
1003 1879 1122 1936 eaeque
1144 1861 1291 1930 urnariae,
1313 1861 1376 1918 sive

78 1966 163 2039 quod
195 1965 226 2020 in
257 1973 427 2020 conventus
450 1964 525 2020 alios
556 1963 635 2021 aliae
659 1981 821 2021 mensurae
856 1965 1043 2021 constitutae
1075 1970 1171 2030 erant,
1204 1963 1268 2018 sive
1291 1964 1376 2036 quod

81 2075 169 2123 sexta
191 2073 277 2140 parte
293 2066 364 2122 anni
380 2073 411 2121 et
433 2083 514 2121 anno
537 2065 657 2139 integro
670 2073 779 2122 exacto
796 2064 920 2132 fiebant,
942 2064 1148 2121 sextantariae
1164 2071 1196 2120 et
1218 2063 1376 2138 plenariae

81 2169 184 2224 dictae
204 2174 285 2224 sunt.
330 2165 385 2223 has
408 2166 464 2223 illis
488 2167 670 2223 celebriores
693 2165 786 2222 fuisse
809 2166 882 2240 ipsis
899 2166 1054 2222 vocabulis
1067 2164 1204 2224 efficitur.
1248 2165 1375 2239 apanis

13 2289 16 2294 ·
83 2269 226 2343 epulique
248 2267 421 2324 nominibus
444 2268 585 2342 proxime.
603 2268 692 2324 abest
714 2267 863 2324 sollemne
882 2257 1011 2324 iern'aru
1032 2267 1061 2322 ll
1083 2267 1110 2322 A
1136 2269 1183 2325 16.

180 2375 289 2434 auctor,
313 2367 403 2423 ulitur
424 2386 486 2424 non
508 2369 655 2443 magister
677 2377 725 2425 est
748 2367 872 2424 fratrum
894 2368 1075 2435 ordinarius,
1103 2368 1160 2423 sed
1183 2367 1234 2440 qui
1257 2376 1378 2424 creatur

82 2470 264 2528 afratribus
297 2478 331 2526 ut
364 2479 435 2526 vota
469 2478 624 2544 nuncupet
659 2486 713 2545 pro
746 2470 874 2542 collegio
907 2470 950 2525 ita
973 2477 1099 2527 vocatur
1131 2469 1163 2524 in
1194 2469 1298 2525 tabula
1321 2469 1376 2528 111.

80 2571 252 2627 auctoretate
272 2570 373 2644 igitur,
397 2570 516 2627 uhtrelz‘e
539 2572 583 2628 sic
606 2571 751 2643 intellego
775 2577 807 2626 ut
830 2570 1004 2625 Romanum
1027 2570 1101 2626 illud
1122 2570 1199 2642 quod
1213 2567 1378 2626 Caslrucz'us

82 2673 115 2727 dr
137 2690 170 2727 ea
192 2691 225 2727 re
245 2670 334 2728 verba
346 2671 434 2750 serit,
457 2672 488 2727 in
509 2672 619 2729 Atticis
642 2671 809 2746 plebiscitis
832 2667 1043 2744 Δημοεθένη(
1065 2664 1162 2731 εἶπεν.

180 2790 268 2829 versu
291 2774 309 2831 3
332 2773 521 2847 praenomini
544 2773 723 2830 adiunctum
745 2791 829 2829 more
852 2771 1036 2828 Vmbrorum
1058 2789 1095 2828 ac
1118 2770 1301 2827 Volscorum
1323 2788 1377 2845 pa·

81 2873 132 2929 tris
155 2890 278 2941 nomen,
302 2874 387 2948 quod
409 2875 566 2947 gentilicio
591 2876 771 2932 adscribunt
794 2873 894 2930 Latini
918 2873 1055 2947 Paeligni
1080 2873 1240 2931 Samnites

181 2972 315 3051 adsertor
335 2975 374 3030 ab
397 2974 571 3032 adferendo
594 2975 714 3034 flamen.
737 2976 769 3032 in
782 2974 942 3032 Philoxeni
964 2974 1112 3048 glossario
1137 2973 1262 3053 insertor
1276 2989 1378 3047 παρα-

82 3072 175 3149 θὲτης
197 3081 229 3130 et
247 3073 427 3155 praefata,
449 3093 486 3132 ex
508 3077 685 3151 Aequicolis
707 3077 816 3133 Fertor
837 3076 949 3134 Resius
972 3077 1019 3132 ius
1042 3075 1145 3133 fetiale
1167 3075 1281 3150 primus
1304 3091 1378 3130 con-

83 3177 188 3234 stituit.
212 3177 243 3232 in
255 3193 286 3232 re
299 3177 402 3234 divina
424 3177 533 3234 arferia
556 3196 637 3252 aqua
658 3178 704 3233 vel
726 3177 864 3244 adferial,
888 3178 990 3234 vinum
1009 3177 1149 3234 inferium
1172 3177 1257 3251 quod
1279 3176 1378 3232 solum

83 3277 208 3334 infertur
231 3294 351 3334 sacrum
373 3296 432 3334 nec
454 3277 602 3352 religione
619 3280 770 3355 obligatur
794 3287 940 3346 ceterum,
964 3288 996 3335 ut
1018 3280 1061 3334 ait
1072 3278 1237 3334 Trebatius
1248 3271 1376 3355 (Arnob.

83 3377 140 3434 Vll
156 3374 217 3453 31).
240 3378 304 3452 πᾶς
320 3373 488 3453 ἀρχιερεὺς
504 3376 537 3441 ἐξ
554 3374 736 3455 ἀνθρώπων
759 3375 948 3439 καθίσταται
970 3376 1010 3439 τὰ
1033 3375 1115 3453 πρὸς
1137 3375 1194 3440 τὸν
1218 3375 1304 3455 Θεόν,
1324 3374 1379 3440 ἵνα

84 3475 253 3558 προσφέρῃ
280 3480 369 3555 δῶρα
391 3477 443 3540 καὶ
465 3478 587 3555 Θυσίας.
603 3478 684 3556 ὑπὲρ
707 3476 871 3555 ἁμαρτιῶν
894 3481 1025 3555 epistula
1048 3483 1088 3538 ad
1110 3481 1272 3538 Hebraeos
1296 3483 1324 3550 5,
1350 3484 1377 3540 1.

182 3585 304 3640 versut
328 3583 627 3652 ez'kvaseseAlzi'edr'er,
652 3583 808 3638 ez'kvareses
823 3583 951 3639 Atiediis
974 3583 1137 3639 nominatis
1161 3591 1193 3639 ut
1214 3583 1324 3657 opinor
1339 3583 1378 3639 ab

84 3683 178 3755 nique.
202 3699 344 3756 compara
357 3683 534 3740 Latinorum
550 3685 595 3740 ius
612 3701 754 3757 aequom,
778 3684 862 3757 leges
876 3700 1001 3758 aequas
1025 3683 1136 3739 foedus
1153 3701 1286 3757 aequom
1302 3683 1378 3750 sim,

82 3782 226 3840 Italorum
248 3793 373 3858 gentem
396 3785 574 3858 Aequorum
598 3784 643 3839 vel
662 3785 907 3858 Aequicolarum,
931 3803 1044 3841 nomen
1060 3786 1258 3858 Aequasium,
1282 3784 1379 3840 Lace·

85 3884 315 3940 daemoniorum
337 3880 476 3958 ὁμοίους.
521 3885 680 3942 Aecetiam
704 3886 796 3942 deam
819 3885 982 3941 didicimus
1005 3903 1043 3940 ex
1065 3885 1177 3959 poculo
1199 3884 1304 3941 Volcis
1333 3885 1379 3940 in-

85 3994 174 4041 vento
191 3982 266 4042 CIL.
284 3985 359 4044 143.
391 4003 460 4042 cum
475 3985 534 4043 hac
548 3987 641 4059 stirpe
658 3986 789 4044 fortasse
811 3985 870 4041 alia
887 3985 1000 4042 coaluit
1022 3986 1053 4041 in
1076 3985 1230 4042 eikuasalr'r
1252 3983 1309 4059 (ΠΙ
1325 3979 1379 4059 24)

85 4094 115 4141 et
136 4085 285 4153 er'lrvasese,
308 4103 388 4160 quae
413 4088 562 4145 rationem
582 4089 660 4143 inter
684 4105 718 4144 se
742 4087 868 4145 similem
881 4087 996 4143 habent
1018 4104 1054 4142 ac
1070 4086 1234 4160 prusekatu
1257 4095 1288 4142 et
1302 4094 1380 4158 pru-

85 4171 182 4255 ses'ctu,
205 4185 329 4243 Drutius
352 4196 384 4244 et
405 4187 532 4246 Drusus.
588 4190 772 4247 societatem
793 4190 884 4263 igitur
905 4189 1050 4263 intellego
1078 4189 1192 4246 factam
1215 4207 1253 4244 ex
1276 4188 1381 4262 aequi-

87 4295 157 4357 tate,
179 4289 326 4344 maiorem
349 4307 417 4345 eam
440 4289 533 4348 fuisse
558 4309 651 4364 quam
677 4293 841 4368 collegium
864 4291 999 4359 fratrum,
1025 4291 1174 4348 minorem
1196 4309 1289 4366 quam
1310 4291 1381 4348 civi-

88 4395 177 4446 tatem
200 4388 357 4462 Iguvinam
380 4391 485 4447 ordine
508 4394 737 4455 vocabulorum
770 4395 800 4451 in
831 4393 934 4450 tabula
953 4393 996 4448 llI
1026 4392 1181 4467 probatur,
1215 4409 1317 4466 neque
1341 4395 1385 4451 ad

88 4487 362 4564 interpretationem
385 4491 507 4552 latinam
529 4497 726 4562 sodalicium
740 4498 938 4556 conciliumve
960 4495 1053 4552 ullum
1074 4495 1174 4568 aptius
1195 4493 1267 4549 mihi
1285 4492 1390 4554 visum

88 4599 129 4647 est
151 4591 220 4664 eligi
241 4608 332 4664 quam
361 4596 470 4668 pagani
492 4593 576 4670 (vide
598 4601 761 4670 Rudorffi
792 4599 995 4659 institutiones
1029 4595 1212 4670 gromaticas
1242 4611 1271 4667 p.
1296 4591 1398 4680 238),

86 4691 259 4759 praesertim
281 4709 347 4748 cum
370 4711 461 4769 pagus
480 4699 511 4755 in
532 4715 733 4780 memoriam
747 4706 843 4763 etiarn
862 4701 945 4778 pacis
967 4705 998 4753 et
1019 4697 1170 4773 pactionis
1192 4692 1316 4751 nomina
1344 4715 1409 4764 re.
