3742 5364
712 354 750 414 95
1074 347 1079 364 '
1180 354 1287 448 vlnpss
1299 355 1379 415 1316

77 543 172 596 totar
193 532 197 616 Ι
219 533 431 606 Tarsinater,
462 533 562 596 trifor
582 534 699 597 Tarsi·
714 547 801 624 nest
820 539 950 596 civitatis
970 533 974 615 l
993 539 1166 606 Tadinatis‚
1197 540 1291 598 tribus
1315 542 1378 599 Ta·

76 647 186 711 nater,
217 637 349 699 Tuscer
372 638 550 700 Naharcer
581 636 700 698 Iabus-
752 641 875 707 dinahs,
927 641 1035 697 fTusci
1092 641 1184 699 Narci
1238 642 1378 716 iapudici

77 757 136 800 cer
157 758 311 812 nomner,
343 747 425 801 eetu
442 739 556 818 [ehesu
583 737 699 818 poplu.
752 742 901 809 nominis,
958 741 1020 796 eito
1066 760 1104 798 ex
1148 742 1207 799 hoc
1254 743 1379 819 populo.

78 945 242 1019 nicumque
265 945 404 1001 eiusdem
439 945 539 1020 stirpis
574 945 756 1001 vocabulum
790 963 826 1002 ac
861 945 1030 1001 simillimae
1063 945 1226 1018 potestatis
1260 951 1379 1001 slurrlun

80 1039 224 1122 (angelus
248 1046 404 1102 Adamum
428 1065 466 1102 ex
489 1047 633 1120 paradiso
658 1048 709 1101 der
725 1048 799 1119 treip
816 1033 846 1101 iu
863 1050 910 1111 ria,
934 1047 985 1101 der
1005 1045 1073 1100 sliea
1097 1047 1127 1100 in
1146 1049 1192 1113 ziz,
1215 1063 1246 1101 ze
1261 1045 1383 1120 jungam

77 1146 171 1224 wars
186 1167 217 1203 cr
241 1148 271 1202 in
296 1151 331 1203 tiz
366 1149 394 1203 in
427 1147 565 1205 Muelleri
589 1156 620 1202 et
642 1147 792 1204 Zarnckei
824 1147 921 1204 lexico
948 1149 1029 1205 med.
1052 1164 1146 1220 germ.
1170 1146 1292 1220 nup.
1307 1148 1378 1215 665,

79 1257 299 1305 commutatum
316 1255 475 1304 aurslorsen
491 1266 545 1322 pro
562 1250 665 1322 gotico
682 1250 843 1321 usvairpan
860 1248 997 1304 Grimmii
1011 1239 1145 1304 referunt
1159 1248 1216 1304 lex.
1229 1247 1243 1303 I
1255 1266 1283 1320 p.
1293 1244 1378 1322 989).

80 1350 282 1407 descendisse
307 1350 430 1405 verbum
453 1350 492 1405 ab
518 1349 568 1405 illa
591 1350 708 1422 origine
730 1367 873 1424 pereum
895 1349 1024 1422 gradum
1042 1349 1161 1405 videtur
1183 1365 1243 1421 quo
1267 1348 1378 1404 latinus

79 1467 181 1506 sermo
203 1452 343 1525 pervenit
365 1451 406 1506 ad
417 1449 576 1528 simulare
591 1459 623 1506 et
640 1450 800 1517 honestare,
823 1467 921 1525 genus
945 1459 1048 1505 autem
1074 1450 1199 1506 duxisse
1216 1451 1377 1524 deponens

77 1551 146 1611 κατ’
171 1547 442 1625 ἀντανακλασμὸν
466 1553 505 1607 ob
530 1569 621 1625 quem
645 1553 835 1625 deponentia
859 1551 942 1608 facta
965 1559 1035 1607 sunt
1058 1551 1215 1605 exsecrari
1240 1539 1384 1607 aversuri

78 1654 217 1708 detestari
237 1654 275 1710 al.
325 1654 430 1709 similis
453 1653 581 1709 Athenis
604 1653 815 1727 mysteriorum
848 1653 1074 1708 Eleusiniorum
1107 1659 1173 1707 erat
1198 1647 1377 1727 πρόρρησις
1449 1634 1451 1639 .

78 1771 170 1827 quam
191 1754 326 1810 imitatus
351 1755 525 1810 Alexander
552 1754 768 1827 praestigiator
798 1754 1007 1810 Abonitichita
1036 1753 1247 1826 proclamabat
1280 1748 1378 1829 εἴτις

78 1849 178 1928 ἄθεος
199 1851 218 1927 ἢ
242 1851 433 1929 Χριστιανὸς
456 1851 475 1927 ἢ
501 1849 721 1928 Ἐπικούρειος
743 1849 811 1928 ἥκει
834 1850 1043 1928 κατάσκοπος
1061 1853 1126 1914 τῶν
1149 1849 1276 1929 ὀργίων,
1300 1873 1378 1930 φευ-

78 1952 178 2027 γέτω’
201 1949 256 2014 εἶτ’
280 1952 375 2028 εὐθὺς
401 1953 436 2014 ἐν
459 1949 540 2033 ἀρχῇ
566 1952 712 2027 ἐξέλασις
742 1950 895 2028 ἐγίγνετο,
931 1952 982 2013 και
1015 1950 1114 2028 ὁμὲν
1141 1951 1249 2029 ἡγεῖτο
1273 1953 1377 2028 λέγων

77 2051 140 2116 ἔξω
163 2053 391 2131 Χριστιανούς,
426 2053 464 2115 τὸ
487 2054 522 2115 δὲ
543 2055 667 2129 πλῆθος
696 2050 781 2114 ἅπαν
810 2052 1030 2130 ἐπεφθέγγετο
1053 2051 1114 2116 ἔξω
1138 2051 1378 2132 Ἐπικουρείους

78 2151 247 2231 (Lucienus
271 2176 337 2232 cap.
352 2154 412 2232 38).
450 2157 561 2214 Paulus
578 2158 662 2214 Festi
678 2159 708 2212 in
725 2163 821 2212 exerto
838 2157 925 2213 addit
946 2159 987 2214 sic
999 2158 1134 2214 lictorem
1149 2159 1180 2214 in
1195 2160 1378 2232 quibusdam

79 2258 173 2315 sacris
189 2259 395 2315 clamitantem
416 2259 505 2316 hostis
528 2260 637 2315 uzizclus
658 2259 764 2314 mulier
786 2259 874 2332 vr‘rgo
897 2264 993 2313 exerto
1016 2258 1205 2331 prohibuisse
1227 2279 1267 2316 ne
1283 2261 1377 2319 inter·

80 2368 196 2426 essent,
219 2369 330 2434 poetae
353 2362 469 2417 romani
492 2377 581 2417 sacra
596 2368 755 2416 narrantes
782 2367 835 2416 aut
857 2359 1056 2415 informantes
1081 2361 1265 2434 aliquotiens
1289 2372 1376 2436 prae-

76 2460 219 2516 nuntiant
235 2452 343 2534 prorul
359 2463 396 2517 z'le
411 2460 552 2539 profani,
576 2462 659 2535 apud
685 2460 837 2517 Grattium
861 2477 969 2534 cyneg.
986 2462 1046 2519 446
1072 2462 1129 2533 ipse
1150 2481 1239 2518 aranu
1262 2482 1377 2520 ramum

70 2560 206 2632 pallente
226 2563 359 2617 sacerdos
381 2544 538 2617 lermileum
559 2563 692 2635 quatiens
715 2555 833 2634 ‘procul
853 2562 919 2617 lim
942 2561 1110 2618 exlorrr'bus
1134 2564 1179 2617 ire
1202 2557 1296 2618 ediro'
1311 2581 1376 2640 eqS.

76 2660 209 2735 iguvinis
233 2663 360 2736 proximi
384 2672 455 2719 sunt
477 2663 557 2719 inter
579 2663 726 2719 barbaros
751 2671 781 2718 et
809 2648 915 2718 hostes
948 2662 1118 2718 Tadinates
1141 2662 1287 2720 Vmbriae
1321 2662 1377 2739 po'-

75 2762 165 2836 pulus
187 2780 286 2836 paene
310 2764 503 2821 oblitteratus
527 2765 657 2840 silenti0,
692 2764 865 2819 nominatus
899 2764 929 2819 in
965 2774 1071 2820 sextae
1107 2765 1238 2838 regionis
1274 2765 1375 2822 indice

77 2863 262 2936 oppidorum
286 2883 304 2921 a
327 2864 424 2921 Plinio
448 2874 511 2922 nat.
528 2864 596 2923 hist.
612 2864 656 2920 ΙΙΙ
673 2866 741 2947 114τ
786 2870 844 2919 ίοία
867 2865 976 2920 civitas
1002 2874 1049 2920 est
1072 2873 1261 2938 congregata
1284 2868 1314 2922 in
1329 2886 1377 2923 ur·

76 2964 159 3030 bem,
182 2965 287 3021 tribum
309 2964 441 3022 Vmbros
465 2966 638 3040 appellasse
662 2966 783 3039 plagam
803 2983 947 3040 agrumve
971 2966 1109 3021 latiorem
1132 2965 1245 3032 civitati
1266 2969 1377 3025 contri·

77 3065 185 3121 butum
207 3064 350 3122 historiae
374 3084 497 3142 quoque
521 3076 674 3123 testantur
697 3066 812 3138 (Livius
836 3066 939 3122 XXXI
963 3069 1022 3134 ab
1044 3076 1101 3140 per
1116 3064 1266 3145 'Vmbriam
1290 3086 1376 3140 quam

75 3164 185 3221 tribum
201 3163 357 3240 Sapiniam
372 3174 477 3223 uocant
498 3168 630 3224 XXXIll
648 3169 728 3235 37,1
754 3168 856 3223 consul
869 3176 927 3240 per
947 3166 1054 3223 tribum
1071 3165 1219 3240 Sapiniam
1242 3169 1271 3224 in
1289 3169 1377 3225 Bozbs

77 3267 167 3334 venri,
192 3266 305 3325 Plinius
329 3269 346 3327 l.
363 3286 386 3326 s,
410 3269 561 3325 interiisse
584 3270 614 3324 in
636 3269 761 3325 Vmbria
784 3268 876 3325 refert
899 3267 1083 3343 Sapinates).
1116 3269 1374 3343 post-Tadinates

76 3366 182 3424 Tusca
201 3386 278 3443 gens
301 3370 365 3426 sive
388 3370 527 3439 Etrusca,
556 3366 716 3444 Τυρσηνις
738 3371 913 3426 nominatur
934 3370 1030 3426 vicina
1052 3371 1090 3426 ab
1114 3370 1287 3440 occidente,
1312 3380 1377 3428 tum

76 3467 220 3525 Naharca
243 3489 261 3526 a
283 3469 365 3527 Nare
389 3472 474 3528 dicta
495 3480 529 3527 ut
553 3470 672 3528 Graeca
696 3490 714 3528 a
737 3470 826 3527 Grais
860 3480 893 3527 et
926 3472 1084 3540 Aurunca,
1118 3472 1150 3528 id
1182 3481 1229 3528 est
1250 3474 1377 3530 accolae

75 3571 108 3626 in
131 3570 288 3627 meridiem
312 3572 499 3630 decurrentis
529 3571 610 3627 fluvii
635 3573 684 3647 qui
708 3591 823 3629 nomen
851 3572 1071 3630 Narniensibus
1095 3574 1183 3630 dedit
1216 3574 1333 3631 colonis
1359 3593 1377 3629 a

75 3669 191 3744 populo
214 3671 355 3728 Romano
379 3673 525 3729 adversus
544 3673 674 3730 Vmbros
697 3674 796 3730 missis
820 3683 911 3747 atque
930 3674 1187 3730 Interamnatibus
1203 3692 1376 3748 cognomen

75 3771 231 3830 Nartibus.
275 3774 414 3830 ultimum
435 3793 546 3831 nomen
572 3777 600 3831 in
624 3785 728 3833 vetere
751 3793 822 3831 aere
846 3775 984 3831 scribitur
1008 3775 1178 3847 lupuakum,
1201 3794 1260 3850 qua
1283 3778 1375 3850 scrip-

74 3881 146 3929 tura
168 3872 299 3948 lapuges
332 3874 508 3949 intellegere
532 3885 678 3945 vetamur,
714 3877 807 3932 immo
840 3877 920 3931 enim
952 3876 1108 3932 dentalem
1141 3894 1209 3932 curn
1236 3878 1376 3935 sibilante

74 3973 227 4030 coaluisse
247 3991 263 4029 2
286 3985 465 4048 argumento
489 3987 554 4036 est:
596 3979 859 4052 quemadmodum
876 3977 969 4051 pz'huz
991 3967 1068 4032 laica
1095 3978 1228 4033 umbrica
1250 3996 1375 4054 respon-

75 4075 156 4130 dent
176 4074 277 4131 latinis
293 4076 396 4147 piatus
418 4077 531 4146 lartius,
553 4078 595 4134 ita
619 4080 692 4135 illud
708 4097 744 4133 ex
764 4079 937 4151 Iupudscum
955 4079 1115 4152 processit.
1147 4079 1272 4153 dempta
1287 4079 1376 4153 igitur

74 4175 302 4242 terminatione,
325 4156 417 4250 quam
440 4175 573 4235 eandem
598 4180 658 4236 iam
675 4179 857 4236 Niebuhrius
874 4197 970 4254 prope
995 4188 1061 4236 erat
1085 4188 1119 4235 ut
1141 4190 1326 4252 agnosceret
1345 4182 1376 4238 in

75 4273 189 4348 Opscis
207 4274 327 4332 Volscis
350 4274 459 4333 Tuscis
479 4279 617 4347 Faliscis,
640 4280 852 4353 relinquuntur
874 4279 1007 4354 iapudes
1032 4280 1226 4336 remotissimi
1248 4281 1287 4337 illi
1311 4283 1377 4356 qul·

75 4377 150 4432 dem
172 4376 365 4450 ablguvinls
389 4395 426 4434 ea
449 4388 552 4443 aetate
575 4398 637 4454 qua
660 4382 792 4438 Romani
815 4399 914 4438 rerum
936 4381 967 4437 ιιι
990 4381 1078 4439 ltalia
1102 4381 1261 4458 Galliaque
1285 4383 1373 4457 potiti

75 4485 159 4544 suut,
194 4478 251 4533 sed
273 4476 344 4534 olim
368 4480 521 4536 dicionem
543 4499 648 4539 eorum
670 4492 722 4538 aut
744 4483 853 4539 saltem
876 4483 946 4540 belli
968 4484 1115 4558 pacisque
1140 4484 1322 4541 commercia
1345 4486 1376 4542 in

74 4577 209 4634 mediam
232 4577 389 4635 Vmbriam
412 4581 593 4654 pertinuisse
616 4601 634 4637 a
649 4581 725 4637 Padi
748 4582 819 4655 ripis
843 4592 874 4639 et
892 4583 1012 4640 Timavi
1034 4585 1172 4657 marique
1195 4585 1375 4643 Hadriatico

72 4677 199 4735 abunde
222 4678 300 4735 haec
323 4679 452 4753 formula
467 4683 659 4739 demonstrat
683 4676 734 4756 (cf.
757 4682 867 4739 Strabo
884 4703 912 4758 p.
927 4683 1010 4757 207).
1050 4685 1146 4759 prima
1171 4685 1320 4763 Iapudum
1345 4685 1379 4742 in
