3742 5364
228 339 321 402 vinu
337 334 419 402 lnlss

229 524 353 586 sesetir
388 522 475 598 fiola,
496 526 505 598 i
527 519 654 587 strusla
690 524 854 586 arsveitu.
879 528 1001 585 rsectis
1029 528 1154 597 fitillam,
1180 526 1190 597 l
1212 529 1389 587 struiculam
1411 529 1538 588 addito.

230 625 312 705 Ape
350 646 439 706 sopo
476 634 600 706 postro
638 635 856 707 peperscust‚

232 725 376 788 vestisia
408 736 442 789 et
471 726 563 790 mesa
597 722 697 806 s'pefa
733 726 857 789 scalsie

232 846 388 907 corregos
404 825 477 889 fetu
490 827 607 889 Fisovi
625 825 726 890 Sensi
746 831 751 905 1
771 826 857 887 ocri-

231 949 295 1008 per
317 927 422 1004 eisin,
454 937 596 1008 totaper
620 927 749 990 Iovina.
796 947 857 988 eso

231 1028 410 1108 persnimu
444 1028 589 1090 vestisia
632 1028 754 1092 vestis:
803 1027 859 1089 ‘tio

233 1130 386 1193 subocau
430 1132 561 1193 suboco
589 1129 706 1191 Fisovi
746 1127 857 1199 Sensi,

233 1231 370 1310 ocriper
392 1229 496 1304 Fisiu,
518 1229 522 1311 1
542 1239 682 1311 totaper
714 1229 857 1304 Iiovina,

234 1351 311 1393 erer
333 1351 533 1412 nomneper‚
558 1351 636 1393 erar
657 1351 857 1411 nomneper‚

233 1431 311 1494 fons
343 1433 399 1505 sir,
437 1453 545 1513 pacer
582 1433 629 1494 sir
663 1452 744 1494 ocre
777 1432 858 1505 Fisi,

234 1542 309 1596 tote
331 1533 473 1607 Iiovine‚
502 1553 579 1596 erer
601 1555 737 1606 nomne,
758 1533 763 1609 l
783 1551 861 1595 erar

232 1654 367 1697 nomne.
391 1634 491 1707 etsie,
510 1634 593 1697 tiom
611 1637 764 1698 subocau
781 1635 860 1695 sub-

234 1755 300 1796 oco
337 1735 457 1796 Fisovi
492 1731 603 1799 Sans'i.
658 1734 749 1797 asier
781 1733 860 1796 frite

232 1836 317 1898 tiom
328 1837 484 1897 subocau
500 1837 634 1898 suboco
645 1835 858 1899 FisoviSan·

908 628 969 685 Vbi
998 647 1095 704 suppa
1132 638 1215 686 retro
1252 633 1404 705 posuerit,
1443 631 1541 688 vesti·

909 731 955 786 cia
979 741 1010 786 et
1032 729 1114 787 mesa
1148 731 1236 805 speia
1263 726 1293 788 in
1322 740 1431 807 patera
1453 720 1542 804 genu

909 831 997 886 nixus
1035 830 1128 888 facito
1165 832 1288 889 Fisovio
1325 831 1437 889 Sancio
1456 830 1461 906 l
1480 850 1541 906 pro

910 948 980 987 arce
1008 931 1099 1000 lisia,
1133 948 1187 1005 pro
1216 933 1290 989 urbe
1312 932 1448 1007 Iguvina.
1492 933 1541 990 sic

911 1042 1051 1105 precator
1088 1033 1214 1090 vesticia
1251 1034 1366 1090 libans:
1411 1029 1453 1090 ‘te
1490 1034 1542 1090 in·

911 1135 1017 1189 vocavi
1056 1134 1166 1190 invoco
1203 1134 1358 1191 Fisovium
1392 1134 1541 1191 Sancium

910 1251 966 1308 pro
988 1253 1059 1291 arce
1082 1235 1172 1305 Fisia,
1192 1209 1271 1308 {pro
1300 1236 1375 1292 urbe
1398 1235 1540 1308 Iguvina,

911 1354 966 1409 pro
980 1336 1057 1392 arcis
1069 1337 1203 1403 nomine,
1228 1354 1284 1410 pro
1296 1337 1377 1393 urbis
1400 1337 1541 1402 nomine,

912 1438 1015 1493 volens
1038 1437 1089 1505 sis,
1112 1437 1259 1511 propitius
1283 1436 1323 1492 sis
1346 1437 1408 1493 arci
1422 1437 1540 1505 lisiae,

911 1538 976 1595 urbi
999 1537 1155 1613 Iguvinae,
1185 1538 1262 1594 arcis
1285 1538 1409 1605 nomini,
1430 1532 1435 1612 l
1453 1538 1541 1594 urbis

910 1639 1034 1699 nomini.
1084 1648 1201 1707 sancte,
1242 1648 1273 1695 te
1311 1638 1452 1695 invocavi
1490 1639 1539 1693 in·

911 1757 987 1795 voco
1000 1740 1154 1796 Fisovium
1167 1739 1317 1798 Sancium.
1342 1739 1441 1796 sancti
1459 1738 1542 1795 fidu·

911 1841 958 1897 cia
970 1849 1001 1896 te
1017 1841 1155 1897 invocavi
1170 1841 1280 1897 invoco
1294 1840 1446 1896 Fisovium
1459 1840 1541 1896 San·

231 1936 282 2003 si'.
307 1947 427 2000 suront
447 1940 452 2017 Ι
470 1937 553 2018 poni
574 1938 740 2019 pesnimu.
764 1936 856 1999 mesa
876 1961 888 1998 o
911 1936 1011 1999 ciumss'
1040 1941 1112 1998 item
1131 1941 1136 2014 Ι
1155 1958 1251 2015 posca
1273 1948 1423 2015 precator,
1453 1940 1542 1996 mesa

235 2147 310 2203 illud
332 2146 429 2220 magis
452 2145 632 2220 probabitur
658 2144 833 2219 respicienti
858 2149 941 2200 tcrlrc
961 2164 975 2199 e
996 2143 1057 2200 llll
1082 2146 1120 2202 27
1145 2152 1176 2199 et
1201 2145 1240 2201 28
1274 2160 1541 2218 progressumque

234 2267 302 2304 cum
326 2256 429 2305 aetate
453 2247 588 2303 studium
612 2245 722 2319 planae
745 2231 781 2301 ac
803 2245 984 2320 perspicuae
1008 2245 1185 2319 scripturae.

333 2349 351 2406 5
377 2347 424 2403 dis
445 2364 525 2421 quae
548 2347 661 2401 dantur
686 2354 926 2402 consentaneum
962 2354 1008 2401 est
1041 2345 1202 2402 conlocata
1236 2362 1306 2402 esse
1336 2353 1408 2402 ante
1430 2361 1539 2402 sacer·

232 2450 349 2516 dotem,
373 2448 423 2522 qui
447 2466 516 2504 cum
538 2455 619 2502 retro
640 2464 676 2502 ac
699 2454 769 2520 post
791 2455 909 2519 tergum
932 2455 1004 2519 agat
1027 2446 1155 2520 reliqua,
1189 2445 1310 2502 medius
1339 2445 1417 2502 inter
1444 2446 1537 2502 unius

234 2549 353 2606 hostiae
377 2557 480 2623 partes
504 2556 589 2604 stans
614 2547 784 2621 praemunit
810 2565 846 2603 ac
868 2546 954 2620 fingit
975 2547 1160 2620 precationis
1189 2545 1270 2602 illam
1294 2545 1422 2602 formam
1440 2554 1538 2618 perne

228 2657 338 2723 postne.
384 2649 466 2705 unde
489 2657 595 2705 natum
618 2650 656 2704 sit
666 2654 838 2721 pepercerat,
861 2666 940 2722 quae
955 2665 1004 2703 me
1025 2656 1110 2704 tenet
1127 2647 1231 2721 opinio
1254 2665 1324 2702 earn
1338 2647 1538 2722 pronuntiavi

234 2752 275 2807 ad
290 2751 316 2806 A
333 2752 371 2807 12
392 2759 484 2816 proco
507 2768 537 2822 p.
551 2751 600 2808 48.
645 2749 695 2804 alii
718 2748 749 2804 id
767 2756 933 2805 conectunt
951 2765 1020 2803 cum
1036 2749 1155 2820 persoir
1172 2748 1293 2820 periclo,
1317 2764 1445 2821 quorum
1461 2764 1536 2803 sen·

235 2852 362 2906 tentiam
384 2851 409 2906 si
433 2849 635 2924 amplecteris,
652 2849 803 2922 perimam
826 2849 1019 2922 interpretari
1037 2856 1159 2922 oportet
1179 2848 1357 2922 precamino
1379 2850 1538 2906 accedens

233 2953 274 3007 ad
297 2953 375 3007 deos
397 2960 428 3007 et
451 2952 635 3018 admovenS‚
664 2956 767 3022 persio
800 2950 975 3023 precamino
1009 2967 1155 3006 amovens
1193 2957 1225 3005 ut
1248 2949 1383 3009 auferas.
1428 2949 1539 3007 litteris

235 3053 306 3109 licet
329 3069 443 3127 aeques
467 3053 545 3108 inter
567 3070 600 3108 se
616 3060 750 3124 perseum
771 3059 802 3105 et
816 3058 941 3123 poscere,
967 3051 994 3106 vi
1010 3059 1041 3106 et
1057 3068 1112 3106 usu
1134 3067 1171 3105 ea
1196 3050 1286 3125 longe
1309 3050 1425 3107 distare
1446 3050 1540 3108 intel·

235 3154 363 3228 legimus
386 3171 424 3208 ex
446 3152 544 3211 VB5
567 3152 619 3208 ubi
635 3151 838 3225 peprrrkurcot
858 3151 888 3206 in
910 3169 942 3206 re
964 3150 1107 3225 profana,
1130 3170 1193 3208 non
1209 3151 1421 3225 pepcrskurent
1441 3151 1537 3226 scrip·

236 3263 299 3310 tum
323 3265 380 3312 est.
425 3253 534 3310 scalcia
558 3262 664 3326 aperte
688 3270 740 3309 vas
764 3261 811 3308 est
833 3252 979 3309 idoneum
1002 3252 1042 3308 ad
1067 3251 1228 3308 libationes
1257 3253 1360 3326 itaque
1383 3252 1537 3308 camellae

234 3355 280 3411 vel
305 3354 405 3411 calicis
440 3354 544 3413 simile.
590 3354 716 3410 latinum
749 3371 933 3428 graecumve
966 3371 1079 3409 nornen
1115 3354 1225 3427 siquod
1259 3352 1384 3410 umbrici
1419 3353 1540 3411 litteras

234 3456 411 3529 aequiperet
433 3455 549 3528 ignom,
573 3463 644 3510 sunt
666 3463 770 3511 tamen
793 3473 906 3529 graeca
941 3455 1121 3528 poculorum
1154 3455 1199 3510 vel
1233 3454 1422 3511 vasculorum
1444 3471 1539 3510 voca·

233 3556 304 3612 bula
326 3572 344 3610 a
366 3555 522 3629 principali
546 3555 663 3628 syllaba
685 3554 734 3612 illa
755 3555 820 3610 scol
842 3556 1041 3612 denominata
1064 3550 1233 3631 (σκαλλίον
1256 3550 1397 3616 κυλίκιον
1421 3551 1538 3628 μικρὸν

235 3651 260 3734 ᾧ
283 3652 481 3716 σπένδουσιν
503 3650 628 3728 Αἰολεῖς
652 3654 785 3711 Philetas
809 3656 892 3730 apud
915 3655 1111 3712 Athenaeum
1134 3656 1176 3712 Xl
1198 3673 1226 3728 p.
1240 3648 1345 3733 498²).
1370 3663 1435 3712 tum
1457 3673 1539 3711 conc·

232 3741 288 3829 gos
311 3756 358 3811 vel
380 3755 508 3811 kunilraz
530 3757 563 3811 id
585 3765 634 3813 est
649 3757 810 3830 conigatus
827 3774 865 3813 eo
883 3756 1016 3814 differta
1034 3757 1143 3813 conixo
1161 3775 1222 3830 quo
1244 3765 1374 3814 necatus
1390 3776 1408 3812 a
1431 3755 1537 3818 necto.

235 3857 265 3912 in
289 3856 409 3913 Arateis
433 3858 473 3913 de
496 3875 557 3915 uno
575 3858 675 3914 sidere
693 3858 831 3931 corniger
846 3863 887 3913 cst
900 3859 1000 3913 valido
1016 3859 1143 3914 conixus
1159 3866 1274 3930 corpore
1294 3863 1401 3914 laurus
1414 3857 1538 3926 Cicer0,

227 3957 311 4031 flexo
332 3957 408 4013 circel
428 3958 492 4014 illic
514 3976 599 4015 crure
623 3960 771 4032 Avienus,
797 3960 890 4033 idque
914 3961 1037 4016 verbum
1060 3961 1214 4034 proprium
1237 3968 1284 4016 est
1318 3958 1539 4033 ingeniculato·

236 4076 309 4125 rum,
334 4075 425 4130 qnam
446 4058 486 4114 ob
509 4076 572 4115 rem
595 4059 664 4116 Nixi
687 4060 719 4116 di
742 4060 861 4116 Romae
894 4069 1039 4134 praesunt
1072 4060 1309 4134 parturientibus
1334 4060 1539 4134 colunturque

236 4175 289 4230 per
312 4159 399 4231 signa
421 4159 551 4232 genibus
572 4161 650 4218 nixa.
695 4160 755 4216 hoc
778 4168 859 4216 statu
883 4169 1002 4217 veteres
1033 4162 1125 4217 etiam
1153 4162 1199 4218 dis
1234 4161 1340 4217 solitos
1364 4159 1538 4235 supplicare
1577 4168 1583 4177 “

238 4259 285 4315 vix
307 4275 383 4332 opus
407 4268 454 4316 est
477 4261 718 4328 commemorari,
740 4261 825 4316 addo
848 4270 952 4317 autem
974 4278 1099 4334 porcum
1123 4263 1256 4318 foederis
1288 4261 1418 4319 feriundi
1440 4276 1538 4316 causa

236 4359 379 4416 militibus
403 4361 452 4434 qui
475 4362 624 4416 sustineat
647 4362 878 4418 adulescentem
901 4363 931 4417 in
946 4363 1076 4418 nummis
1093 4364 1172 4420 oscis
1196 4380 1316 4436 semper
1337 4379 1419 4435 genu
1430 4361 1538 4417 nixum

236 4459 371 4534 conspici
395 4458 439 4534 (in
462 4459 693 4540 Friedlaenderi
715 4462 826 4519 tabulis
850 4462 895 4519 IX
919 4471 950 4518 et
971 4460 1176 4537 Xp.81ss)‚
1211 4464 1259 4519 cui
1282 4462 1429 4519 sacrificio
1450 4478 1539 4519 com·

237 4559 335 4614 munis
357 4577 427 4615 cum
450 4559 576 4634 Iguvino
599 4561 658 4618 hoc
681 4563 724 4618 dii
744 4564 823 4620 Fidii
846 4564 952 4639 religio
976 4574 1033 4620 est.

337 4661 353 4716 9
381 4660 444 4715 ilem
464 4670 549 4732 porco
565 4668 711 4734 precator,
739 4665 815 4737 poni
839 4665 923 4738 quod
945 4681 1008 4718 non
1032 4663 1223 4719 nominatum
1248 4672 1296 4719 est
1317 4680 1385 4721 cum
1407 4665 1537 4724 vesticia
