3742 5364
694 358 750 413 101
1270 352 1377 412 vlses

73 539 226 610 tremitu,
246 539 363 599 hondu
379 537 486 618 holtu,
509 536 626 598 ninctu
641 558 699 598 ne·
751 543 859 597 timore
872 550 1015 606 tremore,
1032 540 1104 614 fuga
1118 540 1290 606 formidine,
1307 538 1376 593 nive

75 640 163 719 pitu,
198 639 312 716 sonitu
342 637 465 709 savitu,
502 639 702 718 preplotatu
755 643 881 708 nimb0,
936 640 1056 715 fragore
1113 641 1232 710 furore,
1291 641 1377 696 senio

73 739 259 820 previlatu.
284 735 287 818 l
315 736 416 801 Serfe
447 739 582 814 Martie,
618 738 887 802 Pte-arservitio.
930 735 934 817 l
978 740 1067 798 Certe
1111 742 1237 810 Martie,
1287 739 1379 796 Prae·

75 850 172 902 stota
189 837 301 902 Serfia
314 837 434 900 Serfer
446 838 599 912 Martier,
617 841 702 901 Tur·
757 845 827 900 stita
872 843 971 900 Cerfia
1016 841 1094 898 Cerfi
1135 844 1255 910 Martii,
1301 841 1378 896 Tur-

76 962 118 1003 sa
152 921 264 1004 Serfia
301 938 419 1003 Serfer
458 939 614 1012 Martier,
654 939 703 1001 fu·
756 961 791 1001 sa
841 942 941 1001 Cerlia
986 943 1064 1001 Certi
1112 943 1229 1007 Martii,
1279 948 1379 997 estote

74 1051 153 1104 tuto
186 1040 284 1103 foner
315 1061 440 1122 pacrer
473 1062 560 1122 pase
582 1053 704 1104 vestra
757 1048 894 1103 volentes
915 1048 1037 1122 propitii
1059 1032 1136 1120 pace
1149 1053 1249 1100 vestra
1264 1042 1379 1116 populo

75 1252 225 1307 committi
249 1251 346 1323 possit
370 1266 438 1304 curn
452 1245 569 1322 fallite.
615 1250 699 1321 quod
721 1250 857 1321 sequitur
879 1256 985 1322 aperte
1009 1255 1055 1303 est
1077 1246 1228 1319 nz'rrgaito:
1252 1246 1378 1299 nivosae
1463 1251 1468 1259 '

74 1351 185 1407 hiemis
220 1352 426 1408 calamitatem
460 1350 613 1423 Apennini
644 1350 755 1405 accolis
786 1368 847 1405 non
879 1351 1070 1423 inexpertam
1102 1348 1190 1404 variis
1227 1345 1378 1401 coloribus

75 1451 242 1526 Dionysius
259 1461 320 1507 ant.
337 1449 397 1505 XII
416 1452 434 1507 8
458 1449 605 1522 depingit,
629 1445 768 1523 νιφάδος
792 1445 891 1522 ὀλοᾶς
914 1445 1110 1522 νειφομένας
1128 1447 1256 1502 similem
1279 1444 1379 1499 lerunt

75 1562 192 1627 poetae
216 1553 283 1608 belli
308 1560 401 1624 atque
424 1550 557 1606 hostium
581 1552 743 1608 incursum.
788 1551 949 1607 Lucretius
983 1551 1102 1622 quietas
1136 1549 1263 1604 deorum
1286 1546 1378 1601 sedes

74 1654 238 1728 praedicat
261 1671 334 1725 qaas
356 1670 447 1724 neque
470 1651 634 1706 concutiant
655 1652 734 1706 venti
745 1670 836 1723 neque
852 1649 957 1706 nubila
973 1649 1079 1705 nimbis
1095 1650 1275 1721 adspergant
1290 1664 1380 1719 neque

76 1756 140 1810 nix
162 1755 227 1809 acri
245 1759 376 1809 concreta
395 1754 508 1825 pruina
532 1770 605 1806 cana
622 1753 725 1806 caderes
741 1753 830 1808 violet
845 1747 904 1830 (ΠΙ
922 1745 973 1828 19)
988 1769 1047 1826 quo
1065 1749 1205 1822 exemplo
1221 1766 1289 1804 cum
1305 1747 1380 1803 nivi-

75 1857 136 1911 bus
159 1856 277 1910 nimbos
301 1855 424 1920 sociavi,
448 1854 681 1909 inundationem
700 1854 780 1908 enim
801 1853 931 1909 minatur
954 1854 1051 1925 nepita
1068 1859 1100 1906 et
1118 1849 1254 1922 Neptuni
1270 1849 1379 1904 utrius·

76 1975 140 2029 que
163 1957 250 2012 iram:
285 1955 321 2012 cf.
346 1955 483 2029 nepitam
505 1972 601 2028 genus
627 1949 737 2027 μίνθης
766 1972 843 2028 quae
871 1943 994 2010 ‘umido
1019 1945 1160 2026 gaudet',
1190 1949 1379 2022 Nepesinum

77 2074 197 2129 agrurn,
219 2073 332 2129 nepam
356 2073 446 2128 quam
469 2072 507 2109 ex
527 2054 668 2110 Afrorum
692 2055 794 2128 lingua
819 2057 1016 2129 adsumptam
1039 2072 1107 2110 esse
1124 2051 1222 2108 Plauti
1237 2049 1379 2122 Ennique

77 2156 220 2230 exempla
237 2157 427 2222 dissuadent,
443 2151 594 2227 νέποδας.
622 2155 714 2210 sonita
731 2172 848 2210 rursum
860 2157 1001 2211 convenit
1018 2172 1086 2211 curn
1102 2153 1196 2209 latino
1213 2150 1304 2205 verbo
1321 2148 1377 2204 sed

77 2260 122 2314 ad
147 2259 300 2314 actionem
322 2257 474 2311 inversum
497 2264 544 2311 est
562 2257 747 2311 transitivam
763 2266 796 2312 ut
816 2258 930 2311 tremite
953 2273 1059 2330 supra:
1084 2255 1217 2311 subeunt
1232 2259 1377 2317 mentem,

76 2361 155 2415 dum
177 2358 236 2414 hoc
259 2358 331 2431 quid
354 2356 424 2412 velit
447 2366 570 2429 exput0,
602 2375 688 2412 saeva
714 2356 863 2412 sonoribus
887 2376 970 2412 arma
999 2366 1030 2412 et
1057 2356 1135 2413 venti
1153 2358 1379 2426 tempestatesque

75 2478 196 2516 sonorae
220 2469 251 2514 et
270 2466 353 2514 metu
378 2458 480 2512 omnia
503 2457 660 2531 lymphans
684 2459 760 2513 deus
784 2461 868 2514 cuius
892 2476 954 2513 vox
978 2476 1071 2513 omnes
1094 2465 1180 2529 saper
1203 2474 1262 2510 ana
1285 2452 1376 2508 tubas.

77 2580 198 2618 conexa
221 2569 269 2616 est
291 2578 360 2616 cum
384 2560 485 2614 sonitu
509 2558 637 2615 terrifico
661 2577 754 2615 saeva
776 2560 877 2616 rabies
902 2578 981 2633 quae
1005 2560 1101 2633 agitat
1129 2567 1160 2613 et
1190 2556 1323 2612 stimulat
1346 2562 1379 2608 et

76 2663 211 2737 percutit
234 2670 383 2727 amentes,
406 2661 503 2715 saveia
519 2679 588 2716 cum
607 2663 739 2717 eandem
756 2663 905 2717 rationem
928 2664 969 2717 ad
991 2661 1131 2720 σοῦσθαι
1154 2660 1269 2715 habeat
1287 2674 1377 2730 quam

79 2765 136 2820 lat.
155 2765 245 2818 laaita
268 2764 364 2817 laetata
387 2763 427 2817 ad
450 2760 595 2834 λοῦσθαι,
618 2758 748 2821 σευάτω
773 2772 820 2818 est
847 2764 891 2819 vel
914 2759 1063 2837 σοβείτω,
1088 2762 1158 2817 hinc
1179 2761 1273 2815 saz'aas
1295 2758 1379 2814 fluxit

78 2874 112 2919 et
133 2864 352 2918 intransitivum
373 2864 489 2918 saevite.
535 2865 594 2918 iarn
609 2865 779 2936 preplotata
802 2882 853 2919 cur
876 2865 917 2918 ad
940 2862 1071 2935 pluviam
1095 2879 1131 2917 ac
1151 2860 1255 2920 πλοῦν
1286 2859 1379 2915 nolim

79 2964 194 3029 referri,
218 2963 306 3019 facile
330 2964 497 3036 perspicies
520 2964 543 3018 si
567 2964 612 3019 vel
635 2965 734 3036 nepita
758 2966 841 3037 qnod
869 2964 1036 3019 antecessit
1054 2963 1100 3017 vel
1124 2963 1207 3035 quod
1231 2961 1380 3017 adhaeret

74 3047 244 3138 preaiilata
279 3065 472 3138 expenderis.
527 3066 665 3119 nimirum
691 3065 844 3120 decimum
877 3063 936 3119 hoc
963 3073 994 3120 et
1029 3073 1217 3138 postremum
1246 3062 1378 3126 verbum,

80 3170 105 3224 si
132 3167 263 3223 debilem
288 3167 513 3240 evanidamque
537 3168 667 3223 maxime
689 3166 821 3222 litteram
840 3167 1017 3239 excipimus
1040 3166 1111 3221 nihil
1128 3166 1229 3220 differt
1252 3183 1269 3219 a
1286 3172 1377 3236 prae-

80 3269 216 3335 eraclea,
239 3269 378 3324 continet
401 3270 536 3324 membra
557 3269 668 3323 eadem
691 3268 801 3341 quibus
833 3269 1027 3342 praevinctos
1062 3268 1259 3342 praestrictos
1291 3282 1377 3339 prae·

80 3370 191 3444 ligatos
215 3369 316 3425 Latini
347 3377 596 3442 composuerunt,
631 3371 761 3425 denotat
795 3370 1005 3443 captivitatem
1039 3369 1190 3442 alienique
1224 3367 1377 3423 tolerandi

78 3470 197 3543 imperii
220 3471 447 3526 necessitatem.
493 3471 540 3526 cui
573 3472 727 3544 praemitti
761 3480 1006 3527 consentaneum
1043 3479 1091 3526 est
1124 3471 1222 3545 ipsam
1257 3469 1378 3524 cladem

79 3570 213 3644 bellique
236 3573 365 3644 gerundi
387 3573 549 3646 ignaviam:
596 3574 689 3628 tradit
712 3581 815 3629 autem
838 3574 949 3629 Festus
983 3575 1066 3646 apud
1089 3572 1220 3628 Vmbros
1256 3569 1377 3625 Plotum

79 3673 113 3728 id
139 3681 184 3728 est
210 3671 350 3728 Plautum
373 3691 390 3727 a
413 3675 528 3746 pedum
550 3674 677 3746 planitie
701 3692 814 3729 nomen
837 3674 966 3729 traxisse
983 3675 1188 3747 appellarique
1205 3670 1378 3744 semiplotia

80 3782 259 3829 venatorum
283 3775 459 3831 dimidiatas
483 3775 593 3839 soleas,
628 3783 733 3849 potest
756 3776 846 3848 igitur
872 3776 1042 3848 prepletata
1065 3775 1159 3830 latine
1182 3773 1270 3828 reddi
1287 3780 1378 3844 prae·

73 3876 209 3948 plantato
232 3876 464 3948 derivatumque
486 3877 571 3932 credi
595 3896 612 3933 a
634 3878 738 3950 planta
762 3877 859 3950 pedis,
896 3876 978 3931 unde
1009 3876 1229 3950 supplantandi
1253 3876 1378 3931 verbum

79 3975 182 4032 Latini
205 3985 406 4049 sumpserunt,
426 3977 562 4033 similiter
586 3996 623 4034 ac
639 3980 814 4051 praepedire
837 3996 855 4033 a
878 3979 968 4051 pede.
1015 3995 1073 4032 nec
1097 3993 1203 4032 vereor
1226 3993 1264 4030 ne
1288 3975 1375 4032 huius

79 4076 204 4149 originis
228 4076 407 4132 vocabulum
439 4079 468 4132 in
502 4087 638 4134 extrema
664 4081 830 4135 devotione
855 4079 1047 4135 conlocatum
1069 4096 1175 4152 parum
1199 4075 1312 4132 habere
1336 4077 1376 4131 vi·

79 4178 191 4232 deatur
213 4177 329 4232 roboris
351 4186 382 4233 et
405 4196 575 4247 nervorum,
599 4182 693 4235 modo
717 4181 803 4235 tritos
827 4181 881 4235 sub
905 4182 985 4254 pede
1002 4180 1106 4235 hostes
1123 4179 1281 4251 intellegas
1299 4174 1378 4250 (een-

78 4278 151 4334 terz't
171 4278 299 4351 legiones
314 4277 455 4348 Naevius,
471 4286 631 4351 proterant
651 4280 772 4336 hostium
796 4282 888 4353 copias
910 4282 1043 4347 Plautus,
1066 4282 1138 4336 item
1160 4279 1285 4334 obterere
1308 4286 1378 4334 atte-

78 4398 147 4435 rere
169 4379 198 4434 in
220 4379 311 4434 rebus
334 4380 451 4438 bellicis
476 4378 608 4454 plurimi)
642 4384 828 4456 plantaeque
862 4401 931 4439 eam
965 4385 1023 4439 vim
1057 4385 1169 4440 tribuas
1194 4402 1285 4458 quam
1309 4382 1376 4439 calx

79 4479 138 4536 sibi
163 4480 295 4536 vindicat
318 4481 348 4535 in
372 4483 585 4539 conculcando
609 4492 639 4538 et
662 4485 882 4557 proculcando.
921 4487 964 4541 sic
987 4487 1078 4559 igitur
1093 4484 1164 4541 mihi
1180 4486 1283 4559 placet
1303 4503 1377 4541 con·

78 4581 188 4636 sistere
210 4581 240 4636 in
264 4591 347 4637 certa
370 4591 401 4639 et
431 4593 545 4640 testata
568 4585 650 4640 vocis
686 4582 925 4657 significatione,
960 4587 1016 4642 etsi
1049 4605 1110 4642 non
1141 4586 1255 4643 infitior
1286 4585 1379 4641 etiam

79 4681 157 4738 alias
184 4682 357 4756 etymologo
380 4692 487 4757 patere
504 4687 566 4740 vias
584 4703 713 4758 eamque
737 4702 830 4758 posse
848 4687 1064 4759 cognationem
1081 4686 1176 4741 statui
1193 4688 1271 4747 inter
1286 4685 1382 4749 umbr,
