<?xml version="1.0" encoding="UTF-8"?>
<!DOCTYPE html PUBLIC "-//W3C//DTD XHTML 1.0 Transitional//EN"
    "http://www.w3.org/TR/xhtml1/DTD/xhtml1-transitional.dtd">
<html xmlns="http://www.w3.org/1999/xhtml" xml:lang="en" lang="en">
 <head>
  <title>
</title>
<meta http-equiv="Content-Type" content="text/html;charset=utf-8" />
  <meta name='ocr-system' content='tesseract 3.04.00' />
  <meta name='ocr-capabilities' content='ocr_page ocr_carea ocr_par ocr_line ocrx_word'/>
</head>
<body>
  <div class='ocr_page' id='page_1' title='image "./vmbricainterpre00buecgoog_0193.png"; bbox 0 0 3742 5364; ppageno 0'>
   <div class='ocr_carea' id='block_1_1' title="bbox 855 318 913 375">
    <p class='ocr_par' dir='ltr' id='par_1_1' title="bbox 855 318 913 375">
     <span class='ocr_line' id='line_1_1' title="bbox 855 318 913 375; baseline 0.017 0"><span class='ocrx_word' id='word_1_1' title='bbox 855 318 913 375; x_wconf 73' lang='lat'><strong>186</strong></span> 
     </span>
    </p>
   </div>
   <div class='ocr_carea' id='block_1_2' title="bbox 232 495 1541 783">
    <p class='ocr_par' dir='ltr' id='par_1_2' title="bbox 232 495 1541 783">
     <span class='ocr_line' id='line_1_2' title="bbox 232 495 1541 581; baseline 0.001 -19"><span class='ocrx_word' id='word_1_2' title='bbox 232 495 410 581; x_wconf 61' lang='lat' dir='ltr'><strong>pastas),</strong></span> <span class='ocrx_word' id='word_1_3' title='bbox 426 503 456 559; x_wconf 93' lang='lat' dir='ltr'><strong>in</strong></span> <span class='ocrx_word' id='word_1_4' title='bbox 468 501 578 560; x_wconf 86' lang='lat' dir='ltr'><strong>Tuscis</strong></span> <span class='ocrx_word' id='word_1_5' title='bbox 591 503 782 559; x_wconf 79' lang='lat' dir='ltr'><strong>Achnremrun</strong></span> <span class='ocrx_word' id='word_1_6' title='bbox 794 497 1008 579; x_wconf 83' lang='grc' dir='ltr'>Ἀγαμέμνων,</span> <span class='ocrx_word' id='word_1_7' title='bbox 1024 514 1127 562; x_wconf 89' lang='lat' dir='ltr'><strong>tamen</strong></span> <span class='ocrx_word' id='word_1_8' title='bbox 1144 505 1204 564; x_wconf 89' lang='lat' dir='ltr'><strong>ista</strong></span> <span class='ocrx_word' id='word_1_9' title='bbox 1219 504 1374 563; x_wconf 91' lang='lat' dir='ltr'><strong>adiectiva</strong></span> <span class='ocrx_word' id='word_1_10' title='bbox 1389 505 1541 581; x_wconf 84' lang='lat' dir='ltr'><strong>equidem</strong></span> 
     </span>
     <span class='ocr_line' id='line_1_3' title="bbox 232 604 1541 684; baseline 0.003 -23"><span class='ocrx_word' id='word_1_11' title='bbox 232 604 380 661; x_wconf 83' lang='lat' dir='ltr'><strong>confundi</strong></span> <span class='ocrx_word' id='word_1_12' title='bbox 402 606 484 673; x_wconf 91' lang='lat' dir='ltr'><strong>nolo,</strong></span> <span class='ocrx_word' id='word_1_13' title='bbox 507 605 589 662; x_wconf 92' lang='lat' dir='ltr'><strong>malo</strong></span> <span class='ocrx_word' id='word_1_14' title='bbox 605 606 732 663; x_wconf 90' lang='lat' dir='ltr'><strong>credere</strong></span> <span class='ocrx_word' id='word_1_15' title='bbox 757 606 851 662; x_wconf 89' lang='lat' dir='ltr'><strong>semel</strong></span> <span class='ocrx_word' id='word_1_16' title='bbox 870 624 1017 681; x_wconf 84' lang='lat' dir='ltr'><strong>peccasse</strong></span> <span class='ocrx_word' id='word_1_17' title='bbox 1041 607 1221 682; x_wconf 86' lang='lat' dir='ltr'>scriptorem</span> <span class='ocrx_word' id='word_1_18' title='bbox 1240 626 1333 683; x_wconf 91' lang='lat' dir='ltr'><strong>quam</strong></span> <span class='ocrx_word' id='word_1_19' title='bbox 1346 608 1541 684; x_wconf 81' lang='lat' dir='ltr'>perdurasse</span> 
     </span>
     <span class='ocr_line' id='line_1_4' title="bbox 232 705 1503 783; baseline 0.005 -21"><span class='ocrx_word' id='word_1_20' title='bbox 232 705 409 763; x_wconf 88' lang='lat' dir='ltr'><strong>huiusmodi</strong></span> <span class='ocrx_word' id='word_1_21' title='bbox 432 708 712 770; x_wconf 87' lang='lat' dir='ltr'><strong>commutationem,</strong></span> <span class='ocrx_word' id='word_1_22' title='bbox 736 708 916 783; x_wconf 84' lang='lat' dir='ltr'><strong>praesertim</strong></span> <span class='ocrx_word' id='word_1_23' title='bbox 939 725 1008 764; x_wconf 90' lang='lat' dir='ltr'><strong>curn</strong></span> <span class='ocrx_word' id='word_1_24' title='bbox 1030 727 1148 765; x_wconf 82' lang='lat' dir='ltr'><strong>sevacne</strong></span> <span class='ocrx_word' id='word_1_25' title='bbox 1169 709 1319 766; x_wconf 89' lang='lat' dir='ltr'><strong>intactum</strong></span> <span class='ocrx_word' id='word_1_26' title='bbox 1341 710 1503 768; x_wconf 85' lang='lat' dir='ltr'><strong>manserit.</strong></span> 
     </span>
    </p>
   </div>
   <div class='ocr_carea' id='block_1_3' title="bbox 229 901 1542 2189">
    <p class='ocr_par' dir='ltr' id='par_1_3' title="bbox 234 901 1541 1071">
     <span class='ocr_line' id='line_1_5' title="bbox 332 901 1541 978; baseline 0.001 -15"><span class='ocrx_word' id='word_1_27' title='bbox 332 901 354 963; x_wconf 86' lang='lat' dir='ltr'><strong>(l</strong></span> <span class='ocrx_word' id='word_1_28' title='bbox 379 924 397 960; x_wconf 88' lang='lat' dir='ltr'><strong>r</strong></span> <span class='ocrx_word' id='word_1_29' title='bbox 419 905 497 961; x_wconf 91' lang='lat' dir='ltr'><strong>inter</strong></span> <span class='ocrx_word' id='word_1_30' title='bbox 519 904 642 961; x_wconf 90' lang='lat' dir='ltr'><strong>vocales</strong></span> <span class='ocrx_word' id='word_1_31' title='bbox 655 913 686 961; x_wconf 94' lang='lat' dir='ltr'><strong>et</strong></span> <span class='ocrx_word' id='word_1_32' title='bbox 702 904 800 961; x_wconf 89' lang='lat' dir='ltr'><strong>finalis</strong></span> <span class='ocrx_word' id='word_1_33' title='bbox 817 921 910 978; x_wconf 84' lang='lat' dir='ltr'><strong>saepe</strong></span> <span class='ocrx_word' id='word_1_34' title='bbox 927 913 995 962; x_wconf 89' lang='lat' dir='ltr'><strong>orta</strong></span> <span class='ocrx_word' id='word_1_35' title='bbox 1013 913 1062 962; x_wconf 90' lang='lat' dir='ltr'><strong>est</strong></span> <span class='ocrx_word' id='word_1_36' title='bbox 1077 924 1114 962; x_wconf 92' lang='lat' dir='ltr'><strong>ex</strong></span> <span class='ocrx_word' id='word_1_37' title='bbox 1129 923 1156 963; x_wconf 87' lang='lat' dir='ltr'><strong>s:</strong></span> <span class='ocrx_word' id='word_1_38' title='bbox 1182 925 1235 962; x_wconf 85' lang='lat' dir='ltr'><strong>eru</strong></span> <span class='ocrx_word' id='word_1_39' title='bbox 1257 923 1331 965; x_wconf 89' lang='lat' dir='ltr'><strong>osee</strong></span> <span class='ocrx_word' id='word_1_40' title='bbox 1354 923 1436 963; x_wconf 78' lang='lat' dir='ltr'><strong>esum</strong></span> <span class='ocrx_word' id='word_1_41' title='bbox 1452 923 1541 975; x_wconf 84' lang='lat' dir='ltr'><strong>esse,</strong></span> 
     </span>
     <span class='ocr_line' id='line_1_6' title="bbox 234 1004 1299 1071; baseline 0.005 -11"><span class='ocrx_word' id='word_1_42' title='bbox 234 1004 315 1060; x_wconf 81' lang='lat' dir='ltr'><strong>verz&#39;r</strong></span> <span class='ocrx_word' id='word_1_43' title='bbox 337 1005 457 1071; x_wconf 76' lang='lat' dir='ltr'><strong>verr&#39;sco,</strong></span> <span class='ocrx_word' id='word_1_44' title='bbox 479 1014 552 1061; x_wconf 89' lang='lat' dir='ltr'><strong>ante</strong></span> <span class='ocrx_word' id='word_1_45' title='bbox 576 1013 801 1061; x_wconf 85' lang='lat' dir='ltr'><strong>consonantem</strong></span> <span class='ocrx_word' id='word_1_46' title='bbox 824 1022 861 1060; x_wconf 91' lang='lat' dir='ltr'><strong>ex</strong></span> <span class='ocrx_word' id='word_1_47' title='bbox 884 1007 913 1069; x_wconf 74' lang='lat' dir='ltr'><strong>d,</strong></span> <span class='ocrx_word' id='word_1_48' title='bbox 937 1006 1050 1062; x_wconf 67' lang='lat' dir='ltr'><strong>arbeita</strong></span> <span class='ocrx_word' id='word_1_49' title='bbox 1073 1015 1106 1062; x_wconf 92' lang='lat' dir='ltr'><strong>ut</strong></span> <span class='ocrx_word' id='word_1_50' title='bbox 1129 1023 1299 1065; x_wconf 91' lang='lat' dir='ltr'><strong>arvorsum.</strong></span> 
     </span>
    </p>

    <p class='ocr_par' dir='ltr' id='par_1_4' title="bbox 229 1090 1542 1690">
     <span class='ocr_line' id='line_1_7' title="bbox 334 1090 1537 1186; baseline 0.003 -25"><span class='ocrx_word' id='word_1_51' title='bbox 334 1105 501 1162; x_wconf 84' lang='lat' dir='ltr'><strong>detrahitur</strong></span> <span class='ocrx_word' id='word_1_52' title='bbox 516 1116 588 1162; x_wconf 87' lang='lat' dir='ltr'><strong>ante</strong></span> <span class='ocrx_word' id='word_1_53' title='bbox 609 1123 640 1163; x_wconf 87' lang='lat' dir='ltr'><strong>s:</strong></span> <span class='ocrx_word' id='word_1_54' title='bbox 659 1106 777 1179; x_wconf 82' lang='lat' dir='ltr'><strong>persclu</strong></span> <span class='ocrx_word' id='word_1_55' title='bbox 792 1107 904 1179; x_wconf 83' lang='lat' dir='ltr'><strong>pesclu,</strong></span> <span class='ocrx_word' id='word_1_56' title='bbox 922 1090 1075 1163; x_wconf 79' lang='lat' dir='ltr'><strong>lersnolur</strong></span> <span class='ocrx_word' id='word_1_57' title='bbox 1088 1099 1181 1173; x_wconf 79' lang='lat' dir='ltr'><strong>ierne,</strong></span> <span class='ocrx_word' id='word_1_58' title='bbox 1194 1105 1298 1185; x_wconf 79' lang='lat' dir='ltr'><strong>sarria</strong></span> <span class='ocrx_word' id='word_1_59' title='bbox 1310 1106 1399 1186; x_wconf 81' lang='lat' dir='ltr'><strong>sosio</strong></span> <span class='ocrx_word' id='word_1_60' title='bbox 1414 1116 1451 1165; x_wconf 88' lang='lat' dir='ltr'><strong>ut</strong></span> <span class='ocrx_word' id='word_1_61' title='bbox 1468 1125 1537 1165; x_wconf 88' lang='lat' dir='ltr'><strong>sur·</strong></span> 
     </span>
     <span class='ocr_line' id='line_1_8' title="bbox 232 1206 1542 1287; baseline 0.005 -27"><span class='ocrx_word' id='word_1_62' title='bbox 232 1223 298 1262; x_wconf 89' lang='lat' dir='ltr'><strong>sum</strong></span> <span class='ocrx_word' id='word_1_63' title='bbox 322 1224 436 1263; x_wconf 90' lang='lat' dir='ltr'><strong>susum.</strong></span> <span class='ocrx_word' id='word_1_64' title='bbox 482 1206 673 1263; x_wconf 89' lang='lat' dir='ltr'><strong>secernenda</strong></span> <span class='ocrx_word' id='word_1_65' title='bbox 695 1206 774 1263; x_wconf 85' lang='lat' dir='ltr'><strong>haec</strong></span> <span class='ocrx_word' id='word_1_66' title='bbox 794 1209 824 1263; x_wconf 93' lang='lat' dir='ltr'><strong>in</strong></span> <span class='ocrx_word' id='word_1_67' title='bbox 848 1208 956 1282; x_wconf 91' lang='lat' dir='ltr'><strong>quibus</strong></span> <span class='ocrx_word' id='word_1_68' title='bbox 979 1228 997 1263; x_wconf 88' lang='lat' dir='ltr'><strong>r</strong></span> <span class='ocrx_word' id='word_1_69' title='bbox 1015 1217 1075 1265; x_wconf 87' lang='lat' dir='ltr'><strong>ets</strong></span> <span class='ocrx_word' id='word_1_70' title='bbox 1094 1227 1180 1266; x_wconf 90' lang='lat' dir='ltr'><strong>suam</strong></span> <span class='ocrx_word' id='word_1_71' title='bbox 1197 1220 1327 1287; x_wconf 89' lang='lat' dir='ltr'><strong>utraque</strong></span> <span class='ocrx_word' id='word_1_72' title='bbox 1349 1210 1411 1267; x_wconf 91' lang='lat' dir='ltr'><strong>vim</strong></span> <span class='ocrx_word' id='word_1_73' title='bbox 1426 1208 1542 1267; x_wconf 87' lang='lat' dir='ltr'><strong>habuit</strong></span> 
     </span>
     <span class='ocr_line' id='line_1_9' title="bbox 231 1306 1541 1385; baseline 0.003 -24"><span class='ocrx_word' id='word_1_74' title='bbox 231 1322 248 1361; x_wconf 88' lang='lat' dir='ltr'><strong>a</strong></span> <span class='ocrx_word' id='word_1_75' title='bbox 272 1306 382 1362; x_wconf 90' lang='lat' dir='ltr'><strong>talibus</strong></span> <span class='ocrx_word' id='word_1_76' title='bbox 407 1325 521 1363; x_wconf 85' lang='lat' dir='ltr'><strong>orsmor</strong></span> <span class='ocrx_word' id='word_1_77' title='bbox 544 1326 641 1363; x_wconf 79' lang='lat' dir='ltr'><strong>asnzor</strong></span> <span class='ocrx_word' id='word_1_78' title='bbox 671 1309 702 1364; x_wconf 91' lang='lat' dir='ltr'><strong>in</strong></span> <span class='ocrx_word' id='word_1_79' title='bbox 733 1308 843 1382; x_wconf 91' lang='lat' dir='ltr'><strong>quibus</strong></span> <span class='ocrx_word' id='word_1_80' title='bbox 866 1310 890 1364; x_wconf 76' lang='lat' dir='ltr'><strong>d</strong></span> <span class='ocrx_word' id='word_1_81' title='bbox 912 1325 1007 1364; x_wconf 89' lang='lat' dir='ltr'><strong>sonus</strong></span> <span class='ocrx_word' id='word_1_82' title='bbox 1041 1325 1119 1364; x_wconf 91' lang='lat' dir='ltr'><strong>unus</strong></span> <span class='ocrx_word' id='word_1_83' title='bbox 1152 1310 1267 1366; x_wconf 91' lang='lat' dir='ltr'><strong>divisus</strong></span> <span class='ocrx_word' id='word_1_84' title='bbox 1295 1319 1343 1367; x_wconf 91' lang='lat' dir='ltr'><strong>est</strong></span> <span class='ocrx_word' id='word_1_85' title='bbox 1374 1310 1404 1366; x_wconf 92' lang='lat' dir='ltr'><strong>in</strong></span> <span class='ocrx_word' id='word_1_86' title='bbox 1430 1317 1541 1385; x_wconf 88' lang='lat' dir='ltr'><strong>partes</strong></span> 
     </span>
     <span class='ocr_line' id='line_1_10' title="bbox 231 1386 1541 1486; baseline 0.008 -25"><span class='ocrx_word' id='word_1_87' title='bbox 231 1415 284 1462; x_wconf 91' lang='lat' dir='ltr'><strong>aut</strong></span> <span class='ocrx_word' id='word_1_88' title='bbox 308 1407 489 1464; x_wconf 85' lang='lat' dir='ltr'><strong>incuriosius</strong></span> <span class='ocrx_word' id='word_1_89' title='bbox 513 1426 683 1482; x_wconf 87' lang='lat' dir='ltr'><strong>expressus.</strong></span> <span class='ocrx_word' id='word_1_90' title='bbox 716 1409 883 1466; x_wconf 88' lang='lat' dir='ltr'><strong>detrahitur</strong></span> <span class='ocrx_word' id='word_1_91' title='bbox 905 1409 979 1465; x_wconf 87' lang='lat' dir='ltr'><strong>item</strong></span> <span class='ocrx_word' id='word_1_92' title='bbox 995 1418 1067 1466; x_wconf 89' lang='lat' dir='ltr'><strong>ante</strong></span> <span class='ocrx_word' id='word_1_93' title='bbox 1081 1407 1121 1485; x_wconf 87' lang='lat' dir='ltr'><strong>s:</strong></span> <span class='ocrx_word' id='word_1_94' title='bbox 1144 1387 1225 1484; x_wconf 60' lang='lat' dir='ltr'><strong>derfi</strong></span> <span class='ocrx_word' id='word_1_95' title='bbox 1236 1411 1331 1467; x_wconf 89' lang='lat' dir='ltr'><strong>semel</strong></span> <span class='ocrx_word' id='word_1_96' title='bbox 1347 1386 1416 1486; x_wconf 53' lang='lat' dir='ltr'><strong>defi.</strong></span> <span class='ocrx_word' id='word_1_97' title='bbox 1451 1413 1541 1470; x_wconf 87' lang='lat' dir='ltr'><strong>idem</strong></span> 
     </span>
     <span class='ocr_line' id='line_1_11' title="bbox 229 1506 1541 1587; baseline 0.005 -25"><span class='ocrx_word' id='word_1_98' title='bbox 229 1524 342 1563; x_wconf 89' lang='lat' dir='ltr'><strong>nomen</strong></span> <span class='ocrx_word' id='word_1_99' title='bbox 366 1506 493 1585; x_wconf 80' lang='lat' dir='ltr'><strong>ebetrafe</strong></span> <span class='ocrx_word' id='word_1_100' title='bbox 516 1516 548 1565; x_wconf 90' lang='lat' dir='ltr'><strong>et</strong></span> <span class='ocrx_word' id='word_1_101' title='bbox 568 1507 703 1587; x_wconf 79' lang='lat' dir='ltr'><strong>hebetofe,</strong></span> <span class='ocrx_word' id='word_1_102' title='bbox 727 1528 799 1567; x_wconf 90' lang='lat' dir='ltr'><strong>nam</strong></span> <span class='ocrx_word' id='word_1_103' title='bbox 821 1530 839 1565; x_wconf 88' lang='lat' dir='ltr'><strong>r</strong></span> <span class='ocrx_word' id='word_1_104' title='bbox 861 1509 939 1567; x_wconf 89' lang='lat' dir='ltr'><strong>sorte</strong></span> <span class='ocrx_word' id='word_1_105' title='bbox 959 1528 1022 1566; x_wconf 91' lang='lat' dir='ltr'><strong>non</strong></span> <span class='ocrx_word' id='word_1_106' title='bbox 1047 1529 1212 1585; x_wconf 87' lang='lat' dir='ltr'><strong>numquam</strong></span> <span class='ocrx_word' id='word_1_107' title='bbox 1234 1511 1400 1586; x_wconf 84' lang='lat' dir='ltr'><strong>negligitur</strong></span> <span class='ocrx_word' id='word_1_108' title='bbox 1421 1510 1541 1585; x_wconf 90' lang='lat' dir='ltr'><strong>(medi-</strong></span> 
     </span>
     <span class='ocr_line' id='line_1_12' title="bbox 231 1606 1539 1690; baseline 0.01 -28"><span class='ocrx_word' id='word_1_109' title='bbox 231 1609 362 1664; x_wconf 90' lang='lat' dir='ltr'><strong>astrinus</strong></span> <span class='ocrx_word' id='word_1_110' title='bbox 375 1606 601 1686; x_wconf 86' lang='lat' dir='ltr'><strong>mediastinus),</strong></span> <span class='ocrx_word' id='word_1_111' title='bbox 618 1628 713 1684; x_wconf 91' lang='lat' dir='ltr'><strong>saepe</strong></span> <span class='ocrx_word' id='word_1_112' title='bbox 728 1611 930 1686; x_wconf 87' lang='lat' dir='ltr'><strong>interpolatur</strong></span> <span class='ocrx_word' id='word_1_113' title='bbox 944 1608 1070 1682; x_wconf 87' lang='lat' dir='ltr'><strong>(culcita</strong></span> <span class='ocrx_word' id='word_1_114' title='bbox 1086 1612 1235 1682; x_wconf 87' lang='lat' dir='ltr'><strong>culcitra).</strong></span> <span class='ocrx_word' id='word_1_115' title='bbox 1252 1612 1323 1670; x_wconf 93' lang='lat' dir='ltr'><strong>vide</strong></span> <span class='ocrx_word' id='word_1_116' title='bbox 1337 1613 1432 1671; x_wconf 90' lang='lat' dir='ltr'><strong>etiam</strong></span> <span class='ocrx_word' id='word_1_117' title='bbox 1445 1616 1539 1690; x_wconf 85' lang='lat' dir='ltr'><strong>p.40.</strong></span> 
     </span>
    </p>

    <p class='ocr_par' dir='ltr' id='par_1_5' title="bbox 232 1709 1542 1880">
     <span class='ocr_line' id='line_1_13' title="bbox 331 1709 1542 1788; baseline 0.006 -23"><span class='ocrx_word' id='word_1_118' title='bbox 331 1718 389 1768; x_wconf 88' lang='lat' dir='ltr'><strong>vet.</strong></span> <span class='ocrx_word' id='word_1_119' title='bbox 405 1709 584 1787; x_wconf 81' lang='lat' dir='ltr'><strong>fratrurper</strong></span> <span class='ocrx_word' id='word_1_120' title='bbox 608 1710 768 1787; x_wconf 76' lang='lat' dir='ltr'><strong>fretruspe</strong></span> <span class='ocrx_word' id='word_1_121' title='bbox 805 1713 861 1768; x_wconf 89' lang='lat' dir='ltr'><strong>sed</strong></span> <span class='ocrx_word' id='word_1_122' title='bbox 894 1730 955 1770; x_wconf 80' lang='lat' dir='ltr'><strong>rec,</strong></span> <span class='ocrx_word' id='word_1_123' title='bbox 979 1730 1099 1786; x_wconf 90' lang='lat' dir='ltr'><strong>semper</strong></span> <span class='ocrx_word' id='word_1_124' title='bbox 1125 1720 1193 1786; x_wconf 84' lang='lat' dir='ltr'><strong>per,</strong></span> <span class='ocrx_word' id='word_1_125' title='bbox 1227 1713 1257 1769; x_wconf 92' lang='lat' dir='ltr'><strong>in</strong></span> <span class='ocrx_word' id='word_1_126' title='bbox 1286 1713 1411 1788; x_wconf 86' lang='lat' dir='ltr'><strong>passivo</strong></span> <span class='ocrx_word' id='word_1_127' title='bbox 1440 1724 1476 1773; x_wconf 90' lang='lat' dir='ltr'><strong>et</strong></span> <span class='ocrx_word' id='word_1_128' title='bbox 1506 1714 1542 1773; x_wconf 90' lang='lat' dir='ltr'><strong>hi</strong></span> 
     </span>
     <span class='ocr_line' id='line_1_14' title="bbox 232 1812 983 1880; baseline 0.005 -15"><span class='ocrx_word' id='word_1_129' title='bbox 232 1816 345 1866; x_wconf 76' lang='lat' dir='ltr'><strong>emente</strong></span> <span class='ocrx_word' id='word_1_130' title='bbox 368 1819 399 1867; x_wconf 87' lang='lat' dir='ltr'><strong>ct</strong></span> <span class='ocrx_word' id='word_1_131' title='bbox 420 1812 460 1868; x_wconf 92' lang='lat' dir='ltr'><strong>illi</strong></span> <span class='ocrx_word' id='word_1_132' title='bbox 480 1813 647 1880; x_wconf 80' lang='lat' dir='ltr'><strong>lursz&#39;undu,</strong></span> <span class='ocrx_word' id='word_1_133' title='bbox 667 1812 762 1869; x_wconf 80' lang='lat' dir='ltr'><strong>herler</strong></span> <span class='ocrx_word' id='word_1_134' title='bbox 783 1812 862 1869; x_wconf 85' lang='lat' dir='ltr'><strong>herle</strong></span> <span class='ocrx_word' id='word_1_135' title='bbox 882 1812 983 1869; x_wconf 76' lang='lat' dir='ltr'><strong>hertei.</strong></span> 
     </span>
    </p>

    <p class='ocr_par' dir='ltr' id='par_1_6' title="bbox 231 1897 1542 2189">
     <span class='ocr_line' id='line_1_15' title="bbox 331 1897 1538 1993; baseline 0.004 -25"><span class='ocrx_word' id='word_1_136' title='bbox 331 1931 349 1968; x_wconf 87' lang='lat' dir='ltr'><strong>r</strong></span> <span class='ocrx_word' id='word_1_137' title='bbox 371 1920 402 1968; x_wconf 89' lang='lat' dir='ltr'><strong>et</strong></span> <span class='ocrx_word' id='word_1_138' title='bbox 425 1913 439 1968; x_wconf 93' lang='lat' dir='ltr'><strong>l</strong></span> <span class='ocrx_word' id='word_1_139' title='bbox 458 1913 631 1988; x_wconf 90' lang='lat' dir='ltr'><strong>propinqua</strong></span> <span class='ocrx_word' id='word_1_140' title='bbox 653 1922 782 1988; x_wconf 89' lang='lat' dir='ltr'><strong>utraque</strong></span> <span class='ocrx_word' id='word_1_141' title='bbox 804 1915 911 1971; x_wconf 71' lang='lat' dir='ltr'><strong>(ivoci</strong></span> <span class='ocrx_word' id='word_1_142' title='bbox 935 1897 1078 1992; x_wconf 63' lang='lat' dir='ltr'><strong>(tn&#39;lvtzlu</strong></span> <span class='ocrx_word' id='word_1_143' title='bbox 1100 1907 1269 1993; x_wconf 74' lang='lat' dir='ltr'><strong>lrr‘brriine)</strong></span> <span class='ocrx_word' id='word_1_144' title='bbox 1304 1915 1386 1972; x_wconf 91' lang='lat' dir='ltr'><strong>inter</strong></span> <span class='ocrx_word' id='word_1_145' title='bbox 1408 1932 1445 1971; x_wconf 92' lang='lat' dir='ltr'><strong>se</strong></span> <span class='ocrx_word' id='word_1_146' title='bbox 1467 1932 1538 1973; x_wconf 91' lang='lat' dir='ltr'><strong>non</strong></span> 
     </span>
     <span class='ocr_line' id='line_1_16' title="bbox 233 2013 1540 2087; baseline 0.006 -20"><span class='ocrx_word' id='word_1_147' title='bbox 233 2019 454 2087; x_wconf 86' lang='lat' dir='ltr'><strong>permutantur,</strong></span> <span class='ocrx_word' id='word_1_148' title='bbox 489 2013 558 2070; x_wconf 91' lang='lat' dir='ltr'><strong>licet</strong></span> <span class='ocrx_word' id='word_1_149' title='bbox 588 2014 727 2071; x_wconf 87' lang='lat' dir='ltr'><strong>eiusdem</strong></span> <span class='ocrx_word' id='word_1_150' title='bbox 750 2013 939 2087; x_wconf 89' lang='lat' dir='ltr'><strong>pronominis</strong></span> <span class='ocrx_word' id='word_1_151' title='bbox 966 2013 1025 2070; x_wconf 91' lang='lat' dir='ltr'><strong>sint</strong></span> <span class='ocrx_word' id='word_1_152' title='bbox 1048 2032 1105 2070; x_wconf 85' lang='lat' dir='ltr'><strong>uru</strong></span> <span class='ocrx_word' id='word_1_153' title='bbox 1129 2032 1196 2070; x_wconf 81' lang='lat' dir='ltr'><strong>orer</strong></span> <span class='ocrx_word' id='word_1_154' title='bbox 1218 2025 1250 2072; x_wconf 90' lang='lat' dir='ltr'><strong>et</strong></span> <span class='ocrx_word' id='word_1_155' title='bbox 1272 2016 1332 2075; x_wconf 84' lang='lat' dir='ltr'><strong>ulo.</strong></span> <span class='ocrx_word' id='word_1_156' title='bbox 1374 2016 1540 2075; x_wconf 84' lang='lat' dir='ltr'><strong>molliores</strong></span> 
     </span>
     <span class='ocr_line' id='line_1_17' title="bbox 231 2112 1542 2189; baseline 0.002 -20"><span class='ocrx_word' id='word_1_157' title='bbox 231 2115 298 2189; x_wconf 90' lang='lat' dir='ltr'><strong>ipsa</strong></span> <span class='ocrx_word' id='word_1_158' title='bbox 320 2114 377 2170; x_wconf 89' lang='lat' dir='ltr'><strong>sibi</strong></span> <span class='ocrx_word' id='word_1_159' title='bbox 392 2130 579 2188; x_wconf 89' lang='lat' dir='ltr'><strong>praesonare</strong></span> <span class='ocrx_word' id='word_1_160' title='bbox 594 2113 708 2170; x_wconf 87' lang='lat' dir='ltr'><strong>mavolt</strong></span> <span class='ocrx_word' id='word_1_161' title='bbox 720 2114 842 2189; x_wconf 85' lang='lat' dir='ltr'><strong>dquam</strong></span> <span class='ocrx_word' id='word_1_162' title='bbox 857 2120 870 2169; x_wconf 87' lang='lat' dir='ltr'><em>t</em></span> <span class='ocrx_word' id='word_1_163' title='bbox 883 2122 914 2170; x_wconf 90' lang='lat' dir='ltr'><strong>et</strong></span> <span class='ocrx_word' id='word_1_164' title='bbox 927 2112 942 2169; x_wconf 85' lang='lat' dir='ltr'><strong>b</strong></span> <span class='ocrx_word' id='word_1_165' title='bbox 955 2130 1047 2189; x_wconf 91' lang='lat' dir='ltr'><strong>quam</strong></span> <span class='ocrx_word' id='word_1_166' title='bbox 1055 2121 1097 2186; x_wconf 83' lang='lat' dir='ltr'><strong>p:</strong></span> <span class='ocrx_word' id='word_1_167' title='bbox 1122 2115 1210 2169; x_wconf 82' lang='lat' dir='ltr'><strong>odrt&#39;r</strong></span> <span class='ocrx_word' id='word_1_168' title='bbox 1221 2113 1303 2183; x_wconf 84' lang='lat' dir='ltr'><strong>atris,</strong></span> <span class='ocrx_word' id='word_1_169' title='bbox 1319 2114 1414 2188; x_wconf 82' lang='lat' dir='ltr'><strong>kapru</strong></span> <span class='ocrx_word' id='word_1_170' title='bbox 1426 2114 1542 2179; x_wconf 80' lang='lat' dir='ltr'><strong>kabru.</strong></span> 
     </span>
    </p>
   </div>
   <div class='ocr_carea' id='block_1_4' title="bbox 233 2318 1541 2699">
    <p class='ocr_par' dir='ltr' id='par_1_7' title="bbox 234 2318 1540 2485">
     <span class='ocr_line' id='line_1_18' title="bbox 333 2318 1540 2394; baseline 0.002 -20"><span class='ocrx_word' id='word_1_171' title='bbox 333 2319 352 2388; x_wconf 63' lang='lat' dir='ltr'><strong>l,</strong></span> <span class='ocrx_word' id='word_1_172' title='bbox 376 2318 557 2393; x_wconf 89' lang='lat' dir='ltr'><strong>principium</strong></span> <span class='ocrx_word' id='word_1_173' title='bbox 581 2319 720 2375; x_wconf 88' lang='lat' dir='ltr'><strong>vocabuli</strong></span> <span class='ocrx_word' id='word_1_174' title='bbox 752 2319 784 2374; x_wconf 92' lang='lat' dir='ltr'><strong>in</strong></span> <span class='ocrx_word' id='word_1_175' title='bbox 811 2318 945 2393; x_wconf 88' lang='lat' dir='ltr'><strong>lguvinis</strong></span> <span class='ocrx_word' id='word_1_176' title='bbox 975 2319 1086 2376; x_wconf 90' lang='lat' dir='ltr'><strong>tabulis</strong></span> <span class='ocrx_word' id='word_1_177' title='bbox 1117 2336 1180 2375; x_wconf 91' lang='lat' dir='ltr'><strong>non</strong></span> <span class='ocrx_word' id='word_1_178' title='bbox 1202 2327 1370 2393; x_wconf 89' lang='lat' dir='ltr'><strong>comparet,</strong></span> <span class='ocrx_word' id='word_1_179' title='bbox 1406 2328 1540 2394; x_wconf 91' lang='lat' dir='ltr'><strong>praeter</strong></span> 
     </span>
     <span class='ocr_line' id='line_1_19' title="bbox 234 2419 1319 2485; baseline 0.003 -10"><span class='ocrx_word' id='word_1_180' title='bbox 234 2420 492 2476; x_wconf 88' lang='lat' dir='ltr'><strong>consuetudinem</strong></span> <span class='ocrx_word' id='word_1_181' title='bbox 516 2419 640 2476; x_wconf 88' lang='lat' dir='ltr'><strong>latinam</strong></span> <span class='ocrx_word' id='word_1_182' title='bbox 663 2421 808 2476; x_wconf 90' lang='lat' dir='ltr'><strong>remansit</strong></span> <span class='ocrx_word' id='word_1_183' title='bbox 835 2419 940 2485; x_wconf 66' lang='lat' dir='ltr'><strong>&#39;l&#39;lolie</strong></span> <span class='ocrx_word' id='word_1_184' title='bbox 967 2428 999 2475; x_wconf 91' lang='lat' dir='ltr'><strong>at</strong></span> <span class='ocrx_word' id='word_1_185' title='bbox 1020 2419 1057 2479; x_wconf 85' lang='lat' dir='ltr'><strong>cf.</strong></span> <span class='ocrx_word' id='word_1_186' title='bbox 1081 2419 1319 2479; x_wconf 69' lang='lat' dir='ltr'><strong>dri-lerelinszarl.</strong></span> 
     </span>
    </p>

    <p class='ocr_par' dir='ltr' id='par_1_8' title="bbox 233 2519 1541 2699">
     <span class='ocr_line' id='line_1_20' title="bbox 332 2519 1541 2595; baseline 0.004 -20"><span class='ocrx_word' id='word_1_187' title='bbox 332 2522 353 2575; x_wconf 85' lang='lat' dir='ltr'><strong>d</strong></span> <span class='ocrx_word' id='word_1_188' title='bbox 379 2538 470 2595; x_wconf 93' lang='lat' dir='ltr'><strong>quam</strong></span> <span class='ocrx_word' id='word_1_189' title='bbox 499 2521 613 2577; x_wconf 85' lang='lat' dir='ltr'><strong>adflata</strong></span> <span class='ocrx_word' id='word_1_190' title='bbox 640 2521 751 2577; x_wconf 89' lang='lat' dir='ltr'><strong>vocalis</strong></span> <span class='ocrx_word' id='word_1_191' title='bbox 782 2521 894 2595; x_wconf 90' lang='lat' dir='ltr'><strong>excipit</strong></span> <span class='ocrx_word' id='word_1_192' title='bbox 927 2522 1089 2577; x_wconf 91' lang='lat' dir='ltr'><strong>tremulum</strong></span> <span class='ocrx_word' id='word_1_193' title='bbox 1117 2538 1227 2578; x_wconf 89' lang='lat' dir='ltr'><strong>sonare</strong></span> <span class='ocrx_word' id='word_1_194' title='bbox 1254 2519 1377 2594; x_wconf 82' lang='lat' dir='ltr'><strong>incipit,</strong></span> <span class='ocrx_word' id='word_1_195' title='bbox 1400 2520 1415 2575; x_wconf 91' lang='lat' dir='ltr'><strong>l</strong></span> <span class='ocrx_word' id='word_1_196' title='bbox 1443 2520 1478 2578; x_wconf 88' lang='lat' dir='ltr'><strong>fit</strong></span> <span class='ocrx_word' id='word_1_197' title='bbox 1504 2523 1541 2580; x_wconf 89' lang='lat' dir='ltr'><strong>in</strong></span> 
     </span>
     <span class='ocr_line' id='line_1_21' title="bbox 233 2619 1541 2699; baseline 0.004 -24"><span class='ocrx_word' id='word_1_198' title='bbox 233 2621 355 2676; x_wconf 79' lang='lat' dir='ltr'><strong>enielust</strong></span> <span class='ocrx_word' id='word_1_199' title='bbox 374 2623 490 2695; x_wconf 76' lang='lat' dir='ltr'><strong>opelusl</strong></span> <span class='ocrx_word' id='word_1_200' title='bbox 509 2622 541 2678; x_wconf 92' lang='lat' dir='ltr'><strong>id</strong></span> <span class='ocrx_word' id='word_1_201' title='bbox 563 2630 611 2679; x_wconf 89' lang='lat' dir='ltr'><strong>est</strong></span> <span class='ocrx_word' id='word_1_202' title='bbox 634 2620 819 2699; x_wconf 83' lang='lat' dir='ltr'><strong>anpendsusl.</strong></span> <span class='ocrx_word' id='word_1_203' title='bbox 864 2639 936 2678; x_wconf 93' lang='lat' dir='ltr'><strong>nam</strong></span> <span class='ocrx_word' id='word_1_204' title='bbox 958 2641 977 2678; x_wconf 88' lang='lat' dir='ltr'><strong>n</strong></span> <span class='ocrx_word' id='word_1_205' title='bbox 999 2630 1031 2678; x_wconf 92' lang='lat' dir='ltr'><strong>et</strong></span> <span class='ocrx_word' id='word_1_206' title='bbox 1054 2623 1068 2677; x_wconf 90' lang='lat' dir='ltr'><strong>l</strong></span> <span class='ocrx_word' id='word_1_207' title='bbox 1089 2622 1346 2695; x_wconf 86' lang='lat' dir='ltr'><strong>contaminantur,</strong></span> <span class='ocrx_word' id='word_1_208' title='bbox 1384 2619 1541 2680; x_wconf 84' lang='lat' dir='ltr'><strong>Podellar</strong></span> 
     </span>
    </p>
   </div>
   <div class='ocr_carea' id='block_1_5' title="bbox 229 2723 1539 3203">
    <p class='ocr_par' dir='ltr' id='par_1_9' title="bbox 232 2723 747 2798">
     <span class='ocr_line' id='line_1_22' title="bbox 232 2723 747 2798; baseline 0.008 -21"><span class='ocrx_word' id='word_1_209' title='bbox 232 2732 265 2777; x_wconf 92' lang='lat' dir='ltr'><strong>ut</strong></span> <span class='ocrx_word' id='word_1_210' title='bbox 287 2723 392 2797; x_wconf 90' lang='lat' dir='ltr'><strong>patina</strong></span> <span class='ocrx_word' id='word_1_211' title='bbox 410 2723 533 2798; x_wconf 82' lang='lat' dir='ltr'><strong>patella,</strong></span> <span class='ocrx_word' id='word_1_212' title='bbox 557 2723 637 2780; x_wconf 90' lang='lat' dir='ltr'><strong>bene</strong></span> <span class='ocrx_word' id='word_1_213' title='bbox 660 2724 747 2782; x_wconf 91' lang='lat' dir='ltr'><strong>belle.</strong></span> 
     </span>
    </p>

    <p class='ocr_par' dir='ltr' id='par_1_10' title="bbox 229 2823 1539 3203">
     <span class='ocr_line' id='line_1_23' title="bbox 330 2823 1538 2898; baseline 0.001 -18"><span class='ocrx_word' id='word_1_214' title='bbox 330 2825 418 2898; x_wconf 91' lang='lat' dir='ltr'><strong>lper</strong></span> <span class='ocrx_word' id='word_1_215' title='bbox 441 2825 514 2881; x_wconf 82' lang='lat' dir='ltr'><strong>lita</strong></span> <span class='ocrx_word' id='word_1_216' title='bbox 537 2823 653 2898; x_wconf 91' lang='lat' dir='ltr'><strong>liquefit</strong></span> <span class='ocrx_word' id='word_1_217' title='bbox 681 2833 714 2880; x_wconf 94' lang='lat' dir='ltr'><strong>ut</strong></span> <span class='ocrx_word' id='word_1_218' title='bbox 742 2824 908 2898; x_wconf 89' lang='lat' dir='ltr'><strong>depereat:</strong></span> <span class='ocrx_word' id='word_1_219' title='bbox 945 2825 1015 2898; x_wconf 91' lang='lat' dir='ltr'><strong>imp.</strong></span> <span class='ocrx_word' id='word_1_220' title='bbox 1039 2824 1171 2880; x_wconf 76' lang='lat' dir='ltr'><strong>kunrallu</strong></span> <span class='ocrx_word' id='word_1_221' title='bbox 1203 2824 1310 2897; x_wconf 89' lang='lat' dir='ltr'><strong>partic.</strong></span> <span class='ocrx_word' id='word_1_222' title='bbox 1333 2823 1464 2880; x_wconf 75' lang='lat' dir='ltr'><strong>iurnales</strong></span> <span class='ocrx_word' id='word_1_223' title='bbox 1486 2842 1538 2881; x_wconf 89' lang='lat' dir='ltr'><strong>co·</strong></span> 
     </span>
     <span class='ocr_line' id='line_1_24' title="bbox 230 2925 1538 3000; baseline 0.001 -20"><span class='ocrx_word' id='word_1_224' title='bbox 230 2926 317 2982; x_wconf 78' lang='lat' dir='ltr'><strong>metir</strong></span> <span class='ocrx_word' id='word_1_225' title='bbox 340 2927 532 2994; x_wconf 89' lang='lat' dir='ltr'><strong>commolitis,</strong></span> <span class='ocrx_word' id='word_1_226' title='bbox 556 2934 635 2982; x_wconf 83' lang='lat' dir='ltr'><strong>muto</strong></span> <span class='ocrx_word' id='word_1_227' title='bbox 658 2932 751 2982; x_wconf 81' lang='lat' dir='ltr'><strong>molor</strong></span> <span class='ocrx_word' id='word_1_228' title='bbox 773 2927 896 2993; x_wconf 92' lang='lat' dir='ltr'><strong>moltae‚</strong></span> <span class='ocrx_word' id='word_1_229' title='bbox 932 2927 997 2982; x_wconf 91' lang='lat' dir='ltr'><strong>sine</strong></span> <span class='ocrx_word' id='word_1_230' title='bbox 1020 2925 1213 3000; x_wconf 86' lang='lat' dir='ltr'><strong>exceptione.</strong></span> <span class='ocrx_word' id='word_1_231' title='bbox 1265 2941 1377 2999; x_wconf 88' lang='lat' dir='ltr'><strong>nempe</strong></span> <span class='ocrx_word' id='word_1_232' title='bbox 1401 2941 1538 2982; x_wconf 91' lang='lat' dir='ltr'><strong>concur-</strong></span> 
     </span>
     <span class='ocr_line' id='line_1_25' title="bbox 229 3024 1539 3100; baseline 0.002 -18"><span class='ocrx_word' id='word_1_233' title='bbox 229 3035 300 3083; x_wconf 89' lang='lat' dir='ltr'><strong>runt</strong></span> <span class='ocrx_word' id='word_1_234' title='bbox 323 3046 360 3083; x_wconf 93' lang='lat' dir='ltr'><strong>ex</strong></span> <span class='ocrx_word' id='word_1_235' title='bbox 385 3028 495 3095; x_wconf 91' lang='lat' dir='ltr'><strong>subit0,</strong></span> <span class='ocrx_word' id='word_1_236' title='bbox 527 3045 590 3083; x_wconf 92' lang='lat' dir='ltr'><strong>non</strong></span> <span class='ocrx_word' id='word_1_237' title='bbox 614 3028 821 3084; x_wconf 90' lang='lat' dir='ltr'><strong>consederunt</strong></span> <span class='ocrx_word' id='word_1_238' title='bbox 844 3027 994 3084; x_wconf 90' lang='lat' dir='ltr'><strong>haesurae</strong></span> <span class='ocrx_word' id='word_1_239' title='bbox 1017 3027 1042 3082; x_wconf 84' lang='lat' dir='ltr'><strong>lt</strong></span> <span class='ocrx_word' id='word_1_240' title='bbox 1064 3027 1094 3082; x_wconf 93' lang='lat' dir='ltr'><strong>in</strong></span> <span class='ocrx_word' id='word_1_241' title='bbox 1117 3026 1312 3100; x_wconf 87' lang='lat' dir='ltr'><strong>imperativis.</strong></span> <span class='ocrx_word' id='word_1_242' title='bbox 1356 3024 1412 3081; x_wconf 91' lang='lat' dir='ltr'><strong>fuit</strong></span> <span class='ocrx_word' id='word_1_243' title='bbox 1439 3026 1539 3099; x_wconf 87' lang='lat' dir='ltr'><strong>igitur</strong></span> 
     </span>
     <span class='ocr_line' id='line_1_26' title="bbox 229 3127 1532 3203; baseline 0.002 -17"><span class='ocrx_word' id='word_1_244' title='bbox 229 3147 282 3186; x_wconf 92' lang='lat' dir='ltr'><strong>cur</strong></span> <span class='ocrx_word' id='word_1_245' title='bbox 297 3129 422 3186; x_wconf 90' lang='lat' dir='ltr'><strong>verbnm</strong></span> <span class='ocrx_word' id='word_1_246' title='bbox 445 3129 572 3203; x_wconf 82' lang='lat' dir='ltr'><strong>simplex</strong></span> <span class='ocrx_word' id='word_1_247' title='bbox 588 3129 618 3184; x_wconf 92' lang='lat' dir='ltr'><strong>in</strong></span> <span class='ocrx_word' id='word_1_248' title='bbox 642 3128 732 3184; x_wconf 89' lang='lat' dir='ltr'><strong>aliam</strong></span> <span class='ocrx_word' id='word_1_249' title='bbox 755 3127 993 3185; x_wconf 86' lang='lat' dir='ltr'><strong>declinationem</strong></span> <span class='ocrx_word' id='word_1_250' title='bbox 1016 3127 1223 3194; x_wconf 90' lang='lat' dir='ltr'><strong>traducerent,</strong></span> <span class='ocrx_word' id='word_1_251' title='bbox 1247 3127 1354 3183; x_wconf 82' lang='lat' dir='ltr'><strong>moleiu</strong></span> <span class='ocrx_word' id='word_1_252' title='bbox 1375 3127 1532 3188; x_wconf 89' lang='lat' dir='ltr'><strong>molitum.</strong></span> 
     </span>
    </p>
   </div>
   <div class='ocr_carea' id='block_1_6' title="bbox 229 3331 1536 4114">
    <p class='ocr_par' dir='ltr' id='par_1_11' title="bbox 229 3331 1536 3809">
     <span class='ocr_line' id='line_1_27' title="bbox 333 3331 1532 3408; baseline -0.001 -17"><span class='ocrx_word' id='word_1_253' title='bbox 333 3335 372 3391; x_wconf 90' lang='lat' dir='ltr'><strong>de</strong></span> <span class='ocrx_word' id='word_1_254' title='bbox 398 3332 404 3394; x_wconf 97' lang='lat' dir='ltr'><strong>l</strong></span> <span class='ocrx_word' id='word_1_255' title='bbox 430 3334 603 3392; x_wconf 89' lang='lat' dir='ltr'><strong>semivocali</strong></span> <span class='ocrx_word' id='word_1_256' title='bbox 632 3334 692 3391; x_wconf 89' lang='lat' dir='ltr'><strong>iam</strong></span> <span class='ocrx_word' id='word_1_257' title='bbox 720 3334 837 3390; x_wconf 90' lang='lat' dir='ltr'><strong>dictum</strong></span> <span class='ocrx_word' id='word_1_258' title='bbox 862 3342 909 3389; x_wconf 90' lang='lat' dir='ltr'><strong>est</strong></span> <span class='ocrx_word' id='word_1_259' title='bbox 939 3334 970 3389; x_wconf 93' lang='lat' dir='ltr'><strong>in</strong></span> <span class='ocrx_word' id='word_1_260' title='bbox 999 3334 1013 3388; x_wconf 86' lang='lat' dir='ltr'><strong>i</strong></span> <span class='ocrx_word' id='word_1_261' title='bbox 1033 3333 1144 3401; x_wconf 88' lang='lat' dir='ltr'><strong>vocali,</strong></span> <span class='ocrx_word' id='word_1_262' title='bbox 1182 3350 1200 3388; x_wconf 92' lang='lat' dir='ltr'><strong>a</strong></span> <span class='ocrx_word' id='word_1_263' title='bbox 1228 3350 1289 3408; x_wconf 90' lang='lat' dir='ltr'><strong>qua</strong></span> <span class='ocrx_word' id='word_1_264' title='bbox 1315 3331 1404 3388; x_wconf 91' lang='lat' dir='ltr'><strong>nullis</strong></span> <span class='ocrx_word' id='word_1_265' title='bbox 1432 3331 1532 3390; x_wconf 88' lang='lat' dir='ltr'><strong>certis</strong></span> 
     </span>
     <span class='ocr_line' id='line_1_28' title="bbox 230 3432 1535 3509; baseline -0.001 -18"><span class='ocrx_word' id='word_1_266' title='bbox 230 3435 338 3492; x_wconf 89' lang='lat' dir='ltr'><strong>finibus</strong></span> <span class='ocrx_word' id='word_1_267' title='bbox 361 3436 411 3492; x_wconf 95' lang='lat' dir='ltr'><strong>illa</strong></span> <span class='ocrx_word' id='word_1_268' title='bbox 434 3437 673 3501; x_wconf 85' lang='lat' dir='ltr'><strong>disterminatur,</strong></span> <span class='ocrx_word' id='word_1_269' title='bbox 705 3454 767 3492; x_wconf 93' lang='lat' dir='ltr'><strong>non</strong></span> <span class='ocrx_word' id='word_1_270' title='bbox 796 3453 884 3491; x_wconf 89' lang='lat' dir='ltr'><strong>secus</strong></span> <span class='ocrx_word' id='word_1_271' title='bbox 913 3444 1007 3509; x_wconf 90' lang='lat' dir='ltr'><strong>atque</strong></span> <span class='ocrx_word' id='word_1_272' title='bbox 1031 3435 1060 3490; x_wconf 92' lang='lat' dir='ltr'><strong>in</strong></span> <span class='ocrx_word' id='word_1_273' title='bbox 1083 3434 1210 3492; x_wconf 90' lang='lat' dir='ltr'><strong>Latinis.</strong></span> <span class='ocrx_word' id='word_1_274' title='bbox 1256 3433 1426 3489; x_wconf 88' lang='lat' dir='ltr'><strong>subnexam</strong></span> <span class='ocrx_word' id='word_1_275' title='bbox 1449 3432 1535 3490; x_wconf 90' lang='lat' dir='ltr'><strong>auti-</strong></span> 
     </span>
     <span class='ocr_line' id='line_1_29' title="bbox 229 3531 1536 3610; baseline -0.003 -17"><span class='ocrx_word' id='word_1_276' title='bbox 229 3538 329 3610; x_wconf 87' lang='lat' dir='ltr'><strong>quitus</strong></span> <span class='ocrx_word' id='word_1_277' title='bbox 353 3555 428 3593; x_wconf 89' lang='lat' dir='ltr'><strong>suae</strong></span> <span class='ocrx_word' id='word_1_278' title='bbox 451 3536 549 3592; x_wconf 92' lang='lat' dir='ltr'><strong>vocali</strong></span> <span class='ocrx_word' id='word_1_279' title='bbox 571 3537 601 3592; x_wconf 90' lang='lat' dir='ltr'><strong>in</strong></span> <span class='ocrx_word' id='word_1_280' title='bbox 632 3537 706 3591; x_wconf 80' lang='lat' dir='ltr'><strong>lrz&#39;io</strong></span> <span class='ocrx_word' id='word_1_281' title='bbox 726 3536 836 3592; x_wconf 78' lang='lat' dir='ltr'><strong>herz&#39;z&#39;ez&#39;</strong></span> <span class='ocrx_word' id='word_1_282' title='bbox 863 3534 1040 3590; x_wconf 80' lang='lat' dir='ltr'><strong>Klaverm&#39;z&#39;e</strong></span> <span class='ocrx_word' id='word_1_283' title='bbox 1066 3534 1221 3608; x_wconf 90' lang='lat' dir='ltr'><strong>expellunt</strong></span> <span class='ocrx_word' id='word_1_284' title='bbox 1255 3532 1451 3591; x_wconf 87' lang='lat' dir='ltr'><strong>recentiores.</strong></span> <span class='ocrx_word' id='word_1_285' title='bbox 1499 3531 1536 3589; x_wconf 91' lang='lat' dir='ltr'><strong>hi</strong></span> 
     </span>
     <span class='ocr_line' id='line_1_30' title="bbox 230 3631 1534 3711; baseline -0.002 -19"><span class='ocrx_word' id='word_1_286' title='bbox 230 3637 406 3711; x_wconf 78' lang='lat' dir='ltr'><strong>frequenter</strong></span> <span class='ocrx_word' id='word_1_287' title='bbox 430 3635 537 3692; x_wconf 79' lang='lat' dir='ltr'><strong>Iovino</strong></span> <span class='ocrx_word' id='word_1_288' title='bbox 560 3637 697 3693; x_wconf 89' lang='lat' dir='ltr'><strong>scribunt</strong></span> <span class='ocrx_word' id='word_1_289' title='bbox 719 3653 774 3709; x_wconf 86' lang='lat' dir='ltr'><strong>pro</strong></span> <span class='ocrx_word' id='word_1_290' title='bbox 793 3634 882 3700; x_wconf 67' lang='lat' dir='ltr'><strong>lion,</strong></span> <span class='ocrx_word' id='word_1_291' title='bbox 906 3642 963 3692; x_wconf 90' lang='lat' dir='ltr'><strong>vet.</strong></span> <span class='ocrx_word' id='word_1_292' title='bbox 980 3650 1155 3706; x_wconf 90' lang='lat' dir='ltr'><strong>numquam.</strong></span> <span class='ocrx_word' id='word_1_293' title='bbox 1194 3631 1223 3688; x_wconf 90' lang='lat' dir='ltr'><strong>hi</strong></span> <span class='ocrx_word' id='word_1_294' title='bbox 1248 3632 1534 3706; x_wconf 62' lang='lat' dir='ltr'><strong>intemperatius,</strong></span> 
     </span>
     <span class='ocr_line' id='line_1_31' title="bbox 229 3724 1533 3809; baseline 0 -18"><span class='ocrx_word' id='word_1_295' title='bbox 229 3755 288 3798; x_wconf 89' lang='lat' dir='ltr'><strong>rec.</strong></span> <span class='ocrx_word' id='word_1_296' title='bbox 309 3737 471 3794; x_wconf 89' lang='lat' dir='ltr'><strong>invalidam</strong></span> <span class='ocrx_word' id='word_1_297' title='bbox 495 3735 623 3792; x_wconf 87' lang='lat' dir='ltr'><strong>formam</strong></span> <span class='ocrx_word' id='word_1_298' title='bbox 647 3734 813 3809; x_wconf 82' lang='lat' dir='ltr'><strong>fugitantes</strong></span> <span class='ocrx_word' id='word_1_299' title='bbox 837 3735 950 3809; x_wconf 91' lang='lat' dir='ltr'><strong>ubique</strong></span> <span class='ocrx_word' id='word_1_300' title='bbox 974 3734 1110 3790; x_wconf 89' lang='lat' dir='ltr'><strong>scribunt</strong></span> <span class='ocrx_word' id='word_1_301' title='bbox 1133 3733 1312 3808; x_wconf 88' lang='lat' dir='ltr'><strong>explicatius</strong></span> <span class='ocrx_word' id='word_1_302' title='bbox 1332 3724 1533 3806; x_wconf 77' lang='lat' dir='ltr'><strong>purdinit&#39;ust.</strong></span> 
     </span>
    </p>

    <p class='ocr_par' dir='ltr' id='par_1_12' title="bbox 229 3822 1535 4114">
     <span class='ocr_line' id='line_1_32' title="bbox 329 3822 1535 3912; baseline -0.001 -17"><span class='ocrx_word' id='word_1_303' title='bbox 329 3839 441 3912; x_wconf 81' lang='lat' dir='ltr'><strong>subigit</strong></span> <span class='ocrx_word' id='word_1_304' title='bbox 463 3839 543 3894; x_wconf 92' lang='lat' dir='ltr'><strong>mitis</strong></span> <span class='ocrx_word' id='word_1_305' title='bbox 566 3838 747 3912; x_wconf 88' lang='lat' dir='ltr'><strong>asperiores,</strong></span> <span class='ocrx_word' id='word_1_306' title='bbox 770 3841 892 3909; x_wconf 71' lang='lat' dir='ltr'><strong>artigalu</strong></span> <span class='ocrx_word' id='word_1_307' title='bbox 915 3837 1029 3899; x_wconf 65' lang='lat' dir='ltr'><strong>mitrale,</strong></span> <span class='ocrx_word' id='word_1_308' title='bbox 1070 3822 1136 3891; x_wconf 75' lang='lat' dir='ltr'><strong>aiio</strong></span> <span class='ocrx_word' id='word_1_309' title='bbox 1148 3832 1231 3909; x_wconf 70' lang='lat' dir='ltr'><strong>jezia,</strong></span> <span class='ocrx_word' id='word_1_310' title='bbox 1253 3840 1437 3890; x_wconf 86' lang='lat' dir='ltr'><strong>extenuatur</strong></span> <span class='ocrx_word' id='word_1_311' title='bbox 1461 3835 1535 3909; x_wconf 88' lang='lat' dir='ltr'><strong>ipsa</strong></span> 
     </span>
     <span class='ocr_line' id='line_1_33' title="bbox 229 3936 1534 4014; baseline -0.002 -18"><span class='ocrx_word' id='word_1_312' title='bbox 229 3943 259 3996; x_wconf 92' lang='lat' dir='ltr'><strong>in</strong></span> <span class='ocrx_word' id='word_1_313' title='bbox 281 3958 380 4009; x_wconf 79' lang='lat' dir='ltr'><strong>aurae,</strong></span> <span class='ocrx_word' id='word_1_314' title='bbox 397 3936 565 4014; x_wconf 83' lang='lat' dir='ltr'><strong>pustnaios</strong></span> <span class='ocrx_word' id='word_1_315' title='bbox 574 3948 712 4012; x_wconf 81' lang='lat' dir='ltr'><strong>pusnaes.</strong></span> <span class='ocrx_word' id='word_1_316' title='bbox 764 3938 826 3993; x_wconf 91' lang='lat' dir='ltr'><strong>noli</strong></span> <span class='ocrx_word' id='word_1_317' title='bbox 857 3945 960 3994; x_wconf 90' lang='lat' dir='ltr'><strong>tamen</strong></span> <span class='ocrx_word' id='word_1_318' title='bbox 991 3937 1062 3993; x_wconf 92' lang='lat' dir='ltr'><strong>talia</strong></span> <span class='ocrx_word' id='word_1_319' title='bbox 1096 3936 1279 3993; x_wconf 82' lang='lat' dir='ltr'><strong>calerahamo</strong></span> <span class='ocrx_word' id='word_1_320' title='bbox 1310 3951 1455 3991; x_wconf 89' lang='lat' dir='ltr'><strong>revocare</strong></span> <span class='ocrx_word' id='word_1_321' title='bbox 1488 3936 1534 3993; x_wconf 86' lang='lat' dir='ltr'><strong>ad</strong></span> 
     </span>
     <span class='ocr_line' id='line_1_34' title="bbox 229 4036 1282 4114; baseline -0.003 -17"><span class='ocrx_word' id='word_1_322' title='bbox 229 4043 374 4097; x_wconf 76' lang='lat' dir='ltr'><strong>caternia-</strong></span> <span class='ocrx_word' id='word_1_323' title='bbox 397 4040 543 4114; x_wconf 90' lang='lat' dir='ltr'><strong>qnoniam</strong></span> <span class='ocrx_word' id='word_1_324' title='bbox 565 4048 624 4099; x_wconf 89' lang='lat' dir='ltr'><strong>vet.</strong></span> <span class='ocrx_word' id='word_1_325' title='bbox 648 4040 713 4097; x_wconf 89' lang='lat' dir='ltr'><strong>sine</strong></span> <span class='ocrx_word' id='word_1_326' title='bbox 737 4039 947 4096; x_wconf 91' lang='lat' dir='ltr'><strong>disiunctione</strong></span> <span class='ocrx_word' id='word_1_327' title='bbox 970 4037 1101 4094; x_wconf 83' lang='lat' dir='ltr'><strong>efferunt</strong></span> <span class='ocrx_word' id='word_1_328' title='bbox 1123 4036 1282 4095; x_wconf 75' lang='lat' dir='ltr'><strong>lateremu.</strong></span> 
     </span>
    </p>
   </div>
   <div class='ocr_carea' id='block_1_7' title="bbox 229 4236 1534 4726">
    <p class='ocr_par' dir='ltr' id='par_1_13' title="bbox 229 4236 1534 4726">
     <span class='ocr_line' id='line_1_35' title="bbox 329 4236 1534 4315; baseline -0.005 -15"><span class='ocrx_word' id='word_1_329' title='bbox 329 4243 416 4300; x_wconf 89' lang='lat' dir='ltr'><strong>simili</strong></span> <span class='ocrx_word' id='word_1_330' title='bbox 440 4238 459 4302; x_wconf 90' lang='lat'>]</span> <span class='ocrx_word' id='word_1_331' title='bbox 484 4242 637 4315; x_wconf 86' lang='lat' dir='ltr'><strong>digamma</strong></span> <span class='ocrx_word' id='word_1_332' title='bbox 658 4252 690 4298; x_wconf 91' lang='lat' dir='ltr'><strong>et</strong></span> <span class='ocrx_word' id='word_1_333' title='bbox 712 4261 731 4297; x_wconf 89' lang='lat' dir='ltr'><em>u</em></span> <span class='ocrx_word' id='word_1_334' title='bbox 757 4243 869 4299; x_wconf 88' lang='lat' dir='ltr'><strong>vocalis</strong></span> <span class='ocrx_word' id='word_1_335' title='bbox 902 4242 1087 4315; x_wconf 84' lang='lat' dir='ltr'><strong>cognatione</strong></span> <span class='ocrx_word' id='word_1_336' title='bbox 1120 4238 1365 4314; x_wconf 89' lang='lat' dir='ltr'><strong>commercioque</strong></span> <span class='ocrx_word' id='word_1_337' title='bbox 1403 4236 1534 4295; x_wconf 90' lang='lat' dir='ltr'><strong>iunctae</strong></span> 
     </span>
     <span class='ocr_line' id='line_1_36' title="bbox 229 4338 1531 4419; baseline -0.004 -18"><span class='ocrx_word' id='word_1_338' title='bbox 229 4355 308 4402; x_wconf 91' lang='lat' dir='ltr'><strong>sunt.</strong></span> <span class='ocrx_word' id='word_1_339' title='bbox 348 4353 408 4403; x_wconf 91' lang='lat' dir='ltr'><strong>vet.</strong></span> <span class='ocrx_word' id='word_1_340' title='bbox 425 4347 615 4419; x_wconf 67' lang='lat' dir='ltr'><strong>premebatur,</strong></span> <span class='ocrx_word' id='word_1_341' title='bbox 649 4347 679 4402; x_wconf 94' lang='lat' dir='ltr'><strong>in</strong></span> <span class='ocrx_word' id='word_1_342' title='bbox 704 4347 797 4403; x_wconf 87' lang='lat' dir='ltr'><strong>latina</strong></span> <span class='ocrx_word' id='word_1_343' title='bbox 820 4346 986 4402; x_wconf 89' lang='lat' dir='ltr'><strong>litteratura</strong></span> <span class='ocrx_word' id='word_1_344' title='bbox 1009 4344 1133 4401; x_wconf 89' lang='lat' dir='ltr'><strong>dubites</strong></span> <span class='ocrx_word' id='word_1_345' title='bbox 1154 4351 1256 4399; x_wconf 90' lang='lat' dir='ltr'><strong>utrum</strong></span> <span class='ocrx_word' id='word_1_346' title='bbox 1274 4338 1434 4415; x_wconf 75' lang='lat' dir='ltr'><strong>primmlir</strong></span> <span class='ocrx_word' id='word_1_347' title='bbox 1455 4356 1531 4413; x_wconf 89' lang='lat' dir='ltr'><strong>pro·</strong></span> 
     </span>
     <span class='ocr_line' id='line_1_37' title="bbox 229 4441 1533 4521; baseline 0 -21"><span class='ocrx_word' id='word_1_348' title='bbox 229 4447 360 4504; x_wconf 86' lang='lat' dir='ltr'><strong>nuntiari</strong></span> <span class='ocrx_word' id='word_1_349' title='bbox 383 4456 527 4521; x_wconf 90' lang='lat' dir='ltr'><strong>oporteat</strong></span> <span class='ocrx_word' id='word_1_350' title='bbox 550 4465 589 4503; x_wconf 90' lang='lat' dir='ltr'><strong>an</strong></span> <span class='ocrx_word' id='word_1_351' title='bbox 609 4448 771 4520; x_wconf 75' lang='lat' dir='ltr'><strong>prrizaatir,</strong></span> <span class='ocrx_word' id='word_1_352' title='bbox 795 4444 937 4506; x_wconf 73' lang='lat' dir='ltr'><strong>alberea</strong></span> <span class='ocrx_word' id='word_1_353' title='bbox 959 4447 1063 4502; x_wconf 81' lang='lat' dir='ltr'><strong>dersoe</strong></span> <span class='ocrx_word' id='word_1_354' title='bbox 1082 4462 1188 4502; x_wconf 89' lang='lat' dir='ltr'><strong>oscum</strong></span> <span class='ocrx_word' id='word_1_355' title='bbox 1204 4460 1331 4500; x_wconf 75' lang='lat' dir='ltr'><strong>menarum</strong></span> <span class='ocrx_word' id='word_1_356' title='bbox 1353 4441 1406 4498; x_wconf 89' lang='lat' dir='ltr'><strong>lat.</strong></span> <span class='ocrx_word' id='word_1_357' title='bbox 1416 4457 1533 4513; x_wconf 83' lang='lat' dir='ltr'><strong>genva.</strong></span> 
     </span>
     <span class='ocr_line' id='line_1_38' title="bbox 328 4540 1531 4620; baseline -0.001 -18"><span class='ocrx_word' id='word_1_358' title='bbox 328 4547 447 4603; x_wconf 90' lang='lat' dir='ltr'><strong>insitiva</strong></span> <span class='ocrx_word' id='word_1_359' title='bbox 470 4565 487 4603; x_wconf 83' lang='lat' dir='ltr'><em>v</em></span> <span class='ocrx_word' id='word_1_360' title='bbox 508 4557 555 4603; x_wconf 92' lang='lat' dir='ltr'><strong>est</strong></span> <span class='ocrx_word' id='word_1_361' title='bbox 577 4549 608 4603; x_wconf 92' lang='lat' dir='ltr'><strong>in</strong></span> <span class='ocrx_word' id='word_1_362' title='bbox 625 4553 694 4603; x_wconf 82' lang='lat' dir='ltr'><strong>tuoe</strong></span> <span class='ocrx_word' id='word_1_363' title='bbox 713 4549 785 4607; x_wconf 89' lang='lat' dir='ltr'><strong>dna.</strong></span> <span class='ocrx_word' id='word_1_364' title='bbox 820 4547 913 4603; x_wconf 91' lang='lat' dir='ltr'><strong>scmel</strong></span> <span class='ocrx_word' id='word_1_365' title='bbox 924 4552 1072 4620; x_wconf 80' lang='lat' dir='ltr'><strong>purtuelu,</strong></span> <span class='ocrx_word' id='word_1_366' title='bbox 1099 4545 1173 4600; x_wconf 88' lang='lat' dir='ltr'><strong>alias</strong></span> <span class='ocrx_word' id='word_1_367' title='bbox 1183 4543 1338 4617; x_wconf 82' lang='lat' dir='ltr'><strong>purluoilu</strong></span> <span class='ocrx_word' id='word_1_368' title='bbox 1352 4540 1531 4615; x_wconf 69' lang='lat' dir='ltr'><strong>pardewin.</strong></span> 
     </span>
     <span class='ocr_line' id='line_1_39' title="bbox 229 4642 1534 4726; baseline -0.003 -23"><span class='ocrx_word' id='word_1_369' title='bbox 229 4656 287 4706; x_wconf 91' lang='lat' dir='ltr'><strong>vet.</strong></span> <span class='ocrx_word' id='word_1_370' title='bbox 310 4647 474 4726; x_wconf 83' lang='lat' dir='ltr'><strong>koslruous</strong></span> <span class='ocrx_word' id='word_1_371' title='bbox 488 4666 546 4707; x_wconf 89' lang='lat' dir='ltr'><strong>rec.</strong></span> <span class='ocrx_word' id='word_1_372' title='bbox 566 4653 690 4708; x_wconf 81' lang='lat' dir='ltr'><strong>coslruo.</strong></span> <span class='ocrx_word' id='word_1_373' title='bbox 727 4649 757 4705; x_wconf 93' lang='lat' dir='ltr'><strong>hi</strong></span> <span class='ocrx_word' id='word_1_374' title='bbox 780 4650 875 4704; x_wconf 86' lang='lat' dir='ltr'><strong>semel</strong></span> <span class='ocrx_word' id='word_1_375' title='bbox 897 4654 964 4704; x_wconf 74' lang='lat' dir='ltr'><strong>turm</strong></span> <span class='ocrx_word' id='word_1_376' title='bbox 988 4665 1044 4721; x_wconf 90' lang='lat' dir='ltr'><strong>pro</strong></span> <span class='ocrx_word' id='word_1_377' title='bbox 1060 4653 1110 4702; x_wconf 80' lang='lat' dir='ltr'><strong>lua</strong></span> <span class='ocrx_word' id='word_1_378' title='bbox 1133 4651 1209 4715; x_wconf 78' lang='lat' dir='ltr'><strong>lova,</strong></span> <span class='ocrx_word' id='word_1_379' title='bbox 1233 4644 1327 4701; x_wconf 90' lang='lat' dir='ltr'><strong>semel</strong></span> <span class='ocrx_word' id='word_1_380' title='bbox 1345 4642 1417 4699; x_wconf 77' lang='lat' dir='ltr'><strong>Iunc</strong></span> <span class='ocrx_word' id='word_1_381' title='bbox 1430 4658 1534 4717; x_wconf 87' lang='lat' dir='ltr'><strong>prope</strong></span> 
     </span>
    </p>
   </div>
   <div class='ocr_carea' id='block_1_8' title="bbox 0 0 1876 5364">
    <p class='ocr_par' dir='ltr' id='par_1_14' title="bbox 0 0 1876 5364">
     <span class='ocr_line' id='line_1_40' title="bbox 0 0 1876 5364; baseline 0 1"><span class='ocrx_word' id='word_1_382' title='bbox 0 0 1876 5364; x_wconf 95' lang='lat' dir='ltr'><strong> </strong></span> 
     </span>
    </p>
   </div>
  </div>
 </body>
</html>
