3742 5364
238 754 421 812 Vmbrorum
450 755 553 830 lingua
580 752 659 828 quae
689 752 776 810 suerit
806 769 943 827 vergens
968 754 1010 810 ad
1039 754 1193 815 interitum
1224 758 1369 815 discimus
1399 774 1437 812 ex

137 870 247 930 tabulis
272 871 368 928 aereis
396 879 516 946 septem
543 888 670 928 numero
691 870 801 945 partim
829 879 917 927 tusca
946 873 1055 946 partim
1082 875 1177 933 latina
1201 875 1368 935 litteratura
1391 875 1437 932 in·

82 979 84 982 Α
137 989 265 1065 scriptis,
293 989 348 1046 illis
370 1006 469 1064 paene
495 989 629 1046 cubitum
652 989 720 1045 altis
744 1005 844 1064 paene
867 989 980 1063 pedem
1009 991 1086 1060 latis
1117 992 1163 1050 his
1186 978 1361 1051 sestertium
1383 1009 1437 1067 pe·

137 1108 208 1165 dem
231 1105 297 1163 altis
321 1106 456 1164 cubitum
480 1107 558 1173 latis,
586 1124 664 1181 quae
686 1106 782 1181 lguvii
804 1123 900 1181 prope
923 1107 1075 1166 theatrum
1099 1109 1258 1184 antiquum
1280 1130 1318 1169 ex
1341 1128 1435 1186 specu

138 1225 337 1283 subterraneo
371 1225 563 1302 1111101444
591 1224 724 1301 effossae
754 1223 893 1281 feruntur
920 1211 951 1281 in
980 1243 1081 1300 eaque
1112 1228 1234 1286 civitate
1269 1231 1436 1288 etiamnum

138 1345 346 1402 adservantur.
383 1315 468 1399 multi
497 1359 548 1399 eas
572 1342 735 1399 ediderunt
763 1342 964 1416 designarunt
991 1344 1202 1418 explanandas
1232 1358 1435 1421 sumpserunt.

137 1464 339 1522 fundamenta
366 1463 465 1518 iustae
492 1459 752 1534 interpretationis
778 1444 965 1517 solidissima
992 1462 1131 1518 iecerunt
1154 1465 1320 1522 coniuncta
1342 1483 1436 1540 opera

136 1582 321 1640 Theodorus
344 1577 492 1636 Aufrecht
515 1586 547 1634 et
568 1577 730 1651 Adolphus
753 1578 915 1635 Kirchhoff
933 1578 1078 1648 (Berolini
1099 1581 1112 1637 I
1135 1584 1259 1641 111849
1283 1577 1434 1659 111851).

136 1716 214 1774 quos
238 1715 388 1773 excepere
411 1697 576 1754 Eduardus
592 1694 739 1752 Huschke
761 1691 899 1770 (Lipsiae
922 1714 949 1756 a.
968 1694 1063 1775 1859)
1086 1698 1197 1773 aliique
1220 1708 1272 1756 aut
1294 1701 1435 1758 universa

135 1825 335 1876 monumenta
357 1815 555 1873 commentati
577 1821 629 1871 aut
651 1813 682 1868 in
705 1813 802 1869 verbis
826 1814 964 1889 locisque
988 1816 1189 1890 singularibus
1213 1820 1334 1888 versati,
1359 1838 1434 1894 quo-

135 1955 201 1994 rum
223 1935 348 1995 nomina
369 1951 423 2009 per
446 1934 572 1990 annales
596 1931 776 1988 Kuhnianos
800 1932 955 1990 celebrata
980 1937 1365 2019 sunt...„mea..tabttl{rssm
1390 1940 1435 1995 in-

136 2054 314 2130 terpretatio
345 2062 456 2126 coepta
490 2059 537 2108 est
568 2051 698 2126 proponi
730 2050 761 2106 in
794 2051 950 2125 publicum
983 2071 1002 2109 a
1036 2052 1236 2111 Fleckeiseno
1271 2057 1301 2112 in
1334 2018 1449 2115 annali

136 2172 319 2248 philologiae
343 2189 370 2228 a.
396 2171 475 2229 1875
499 2188 528 2245 p.
545 2171 603 2227 127
626 2178 656 2224 et
680 2169 740 2227 313
764 2164 840 2239 (tab.
857 2168 886 2223 V
901 2178 933 2225 et
947 2169 1012 2242 VI),
1037 2170 1217 2231 continuata
1240 2184 1271 2231 et
1293 2175 1435 2232 absoluta

136 2295 166 2349 in
196 2293 239 2348 eis
269 2290 374 2347 libellis
405 2306 483 2364 quos
515 2290 676 2346 academia
706 2288 878 2345 Bonnensis
913 2308 939 2348 a.
969 2291 1048 2348 1876
1080 2289 1226 2348 Niebuhri
1256 2294 1434 2351 memoriam

137 2409 322 2470 saecularem
345 2417 376 2464 et
399 2425 425 2464 a.
452 2409 532 2466 1878
556 2414 587 2462 et
611 2407 692 2464 1880
715 2406 905 2479 imperatoris
930 2405 1073 2463 Guilelmi
1096 2410 1214 2465 natales
1236 2411 1433 2468 concelebra·

136 2537 201 2585 tura
232 2528 338 2585 edidit.
381 2525 501 2583 interim
529 2526 611 2582 idem
640 2524 791 2580 scribendi
821 2532 1034 2597 argumentum
1057 2525 1188 2582 Michael
1213 2526 1300 2584 Breal
1329 2502 1435 2587 habuit

137 2648 299 2722 amploque
321 2646 482 2720 explicavit
506 2644 657 2700 volumine
681 2639 815 2715 (Parisiis
839 2660 865 2700 a.
891 2640 994 2718 1875).
1023 2652 1220 2702 tamencum
1242 2646 1355 2704 eruditi
1377 2647 1433 2704 ho·

137 2765 233 2823 mines
257 2771 441 2821 monuerunt
464 2772 527 2818 tum
549 2763 616 2835 ipse
640 2760 745 2817 censui
760 2777 838 2834 quae
853 2777 907 2835 per
930 2760 1045 2818 libellos
1068 2764 1144 2819 istos
1167 2780 1348 2838 sparseram‚
1371 2782 1432 2822 non

136 2884 243 2941 frustra
267 2884 334 2941 fore
357 2884 382 2940 si
405 2883 535 2940 collecta
557 2890 588 2938 et
611 2889 749 2939 correcta
772 2883 924 2939 traderem
952 2883 1108 2940 iuventuti.
1153 2883 1278 2939 adiunxi
1306 2883 1433 2957 inscrip-

135 3005 233 3060 tiones
260 3002 411 3059 umbricas
438 3001 571 3057 minores
594 3017 623 3074 p.
639 3001 706 3074 172,
737 2999 887 3056 catholica
910 3000 982 3055 artis
1006 3000 1224 3072 grammaticae
1245 3017 1273 3074 p.
1290 3001 1359 3067 178,
1389 3000 1434 3056 in·

134 3123 219 3180 dices
242 3119 459 3178 vocabulorum
480 3137 509 3203 p.
524 3120 594 3177 202.
640 3125 671 3174 tu
694 3118 745 3190 qui
765 3118 859 3191 leges,
890 3118 1063 3175 memineris
1088 3134 1205 3192 quaeso
1229 3119 1314 3191 quod
1335 3117 1432 3176 Varro

135 3241 205 3298 olim
220 3239 377 3315 praefatus
395 3246 442 3294 est
458 3255 526 3294 cum
542 3236 652 3293 dubias
668 3237 708 3291 de
725 3236 771 3291 dis
786 3236 919 3292 romanis
935 3235 1097 3309 opiniones
1112 3244 1243 3309 poneret
1258 3230 1432 3312 (Augustin.

81 3351 84 3356 ’
135 3358 190 3416 civ.
214 3359 243 3414 d.
267 3356 324 3413 VII
348 3352 413 3430 17);
456 3355 591 3412 similiter
613 3371 672 3428 ego
700 3371 762 3409 non
789 3353 888 3410 solum
911 3354 941 3409 in
964 3353 1061 3426 primo
1091 3353 1166 3410 libro
1193 3371 1273 3428 quae
1295 3355 1367 3429 dixi,
1402 3356 1433 3411 in

134 3477 358 3535 dubitationem
384 3475 567 3532 revocabam
590 3474 620 3528 in
643 3480 791 3539 extremo,
824 3473 881 3528 sed
909 3472 1001 3529 etiam
1025 3482 1189 3546 postquam
1211 3472 1377 3549 perfecisse
1400 3473 1432 3529 li-

135 3598 220 3654 brum
242 3596 358 3661 videor,
392 3611 472 3670 quae
500 3594 607 3650 mutari
631 3592 719 3649 velim
743 3601 795 3648 aut
817 3592 898 3650 adici
925 3593 1010 3665 plura
1035 3592 1135 3650 habeo
1165 3611 1255 3667 quam
1278 3592 1356 3651 haec
1378 3611 1434 3667 pa·

134 3716 207 3788 gina
229 3715 319 3789 capit.
344 3715 421 3770 duos
445 3721 548 3770 autern
572 3728 700 3768 necesse
724 3718 771 3766 est
794 3711 952 3768 emendari
975 3728 1091 3768 errores
1110 3713 1141 3768 in
1162 3712 1234 3786 ipsis
1252 3711 1432 3768 commissos

135 3832 257 3891 tabulis:
293 3833 324 3888 in
345 3831 387 3888 III
410 3832 523 3888 omissa
544 3839 591 3886 est
614 3829 665 3885 ubi
688 3846 791 3885 versus
816 3831 855 3888 33
881 3830 995 3887 desinit
1016 3847 1097 3904 pone
1113 3830 1270 3903 purtuvz'tu
1292 3847 1330 3887 ea
1353 3847 1432 3904 quae
1495 3797 1498 3802 ⁵

117 3917 119 3921 .
134 3967 254 4005 versum
270 3951 310 4008 34
325 3950 474 4006 indicaret
489 3956 573 4016 nota,
597 3965 667 4003 nam
684 3966 701 4004 a
710 3947 871 4021 prurekcrtu
887 3963 992 4003 versus
1007 3948 1114 4022 incipit
1129 3949 1178 4021 35,
1200 3948 1275 4003 etin
1290 3946 1379 4005 VIIA
1392 3950 1430 4007 31

135 4065 187 4121 ubi
204 4068 294 4140 poplo
316 4076 364 4123 est
386 4066 509 4133 editum,
533 4066 573 4120 ibi
595 4066 625 4120 in
648 4082 720 4121 aere
744 4074 826 4123 recte
850 4066 995 4140 scriptum
1017 4074 1064 4121 est
1085 4065 1199 4139 paple..
