3742 5364
765 307 803 364 13

132 489 308 550 hondomu
353 508 471 550 asame
514 486 638 549 deveia
680 488 758 549 tod-

132 611 231 652 come
252 596 256 662 Ι
275 591 387 652 tuder.
432 591 508 652 eine
538 588 673 651 todceir
706 599 756 651 tu-

132 691 237 753 derus
260 691 508 771 seipodruhpei
530 690 645 752 seritu.
667 696 670 762 Ι

174 790 332 854 Tuderor
372 801 502 855 toteor:
547 800 756 871 vapersusto

132 894 274 958 avieclir
312 893 483 967 ebetrafe,
528 893 757 966 ooserclome,

75 1007 110 1058 13
130 995 320 1078 presoliaie
343 995 501 1077 Nurpier‚
530 993 759 1076 vasirslome,l

132 1098 329 1171 smursime,
375 1105 520 1158 tettome
564 1094 756 1170 Miletinar,

130 1198 417 1286 tertiamepraco
440 1207 676 1278 pracatarum3
698 1217 757 1258 va-

130 1310 292 1378 persusto
322 1297 463 1360 avieclir
486 1317 645 1360 carsome
665 1296 669 1380 Ι
689 1298 758 1361 Ve-

133 1398 255 1472 stisier‚
273 1400 438 1462 randeme
451 1397 592 1473 Rufrer,
611 1408 759 1461 tettome

131 1500 273 1573 Noniar,
293 1509 438 1562 tettome
452 1498 575 1573 Salier‚
599 1519 759 1562 carsome
782 1561 784 1566 .

73 1614 112 1664 15
131 1599 253 1677 Hoier,
275 1611 435 1681 pertome
453 1600 626 1664 Padellar.
648 1603 758 1674 [hon-

133 1701 198 1762 dra
221 1711 296 1764 esto
327 1702 464 1775 tudero,
499 1700 618 1783 porsei
652 1702 758 1763 subra

132 1799 302 1864 screihtor
345 1811 438 1876 sent,
463 1787 584 1882 'paria
621 1803 757 1875 dersva,

133 1921 281 1965 curnaco
320 1904 447 1965 dersva
484 1902 600 1965 seritu.
652 1904 759 1965 subra

133 2015 210 2069 esto
231 2013 235 2081 Ι
255 2007 378 2069 tudero
390 2006 490 2088 peico
503 2016 644 2078 merst0‚
657 2006 758 2087 peica

132 2117 264 2170 mersta
287 2106 402 2171 seritu.
447 2127 508 2171 sve
531 2109 649 2170 anclar
676 2129 757 2190 pro-

123 2217 307 2282 canurent,
322 2228 383 2272 eso
396 2218 531 2271 tremnu
544 2228 640 2271 serse
651 2207 655 2291 Ι
667 2230 757 2272 com-

130 2309 263 2385 bifiatu,
277 2310 467 2374 arsferturo
478 2330 605 2373 nomne
615 2311 757 2373 carsitu:

132 2410 243 2494 ‘parfa
266 2413 402 2486 dersva,
437 2431 586 2474 curnaco
619 2412 756 2486 dersva,

75 2531 113 2582 18
131 2513 233 2596 peico
263 2522 404 2587 merst0,
438 2512 540 2594 peica
573 2511 761 2595 meersta,l

132 2623 264 2677 mersta
275 2613 377 2689 aveif‚
400 2624 532 2676 mersta
548 2615 647 2676 ancla
660 2634 758 2677 eeso·

132 2736 180 2777 na
194 2713 275 2790 tefe,
299 2724 374 2777 tote
385 2714 525 2788 Iiovine‚
543 2715 649 2778 esmei
665 2717 758 2777 stah-

133 2817 202 2879 mei
235 2815 427 2880 stahmitei'.
472 2815 593 2878 Esisco
623 2816 760 2879 esoneir

133 2914 395 2998 seveirlpopler
412 2915 594 2979 anferener
607 2928 642 2979 et
658 2936 758 2980 ocrer

133 3017 280 3101 pihaner
302 3037 409 3098 perca
431 3018 597 3079 arsmatia
627 3018 757 3082 habitu.

134 3138 241 3181 vasor
273 3117 409 3181 verisco
432 3118 626 3192 Treblanir,
662 3117 759 3198 porsi

75 3238 116 3290 20
135 3239 235 3302 ocrer
253 3220 264 3294 Ι
278 3220 432 3299 pehaner
445 3237 534 3299 paca
548 3219 757 3295 ostensendi,

135 3340 177 3386 eo
200 3319 252 3382 iso
277 3320 432 3392 ostendu,
456 3320 534 3400 pusi
556 3320 611 3401 pir
633 3330 758 3402 pureto

134 3419 244 3487 cehefi
278 3420 344 3482 dia.
394 3440 493 3505 surur
526 3421 662 3484 verisco
693 3423 760 3486 Te·

134 3522 281 3588 sonocir.
326 3541 426 3585 surur
467 3524 471 3600 Ι
517 3523 653 3585 verisco
690 3523 760 3586 Ve-

133 3623 246 3706 hieir.l

176 3727 245 3790 Pre
281 3725 394 3790 vereir
431 3726 637 3789 Treblaneir
674 3725 760 3789 Iuve

134 3826 313 3891 Grabovei
346 3826 412 3888 buf
444 3826 529 3889 treis
561 3825 643 3889 fetu.
696 3846 757 3888 eso

132 3938 259 3991 naratu
292 3928 437 3991 vesteis:
482 3927 560 3990 ‘teio
606 3930 759 3992 subocau

77 4042 115 4093 23
135 4034 266 4095 suboco
293 4033 297 4111 Ι
328 4032 384 4094 dei
418 4029 584 4104 Grabovi,
621 4030 758 4112 ocriper

134 4132 239 4206 Fisiu‚
258 4132 549 4214 totaperliovina,
569 4152 646 4195 erer
662 4151 758 4193 nom-

135 4253 252 4314 neper,
282 4253 360 4295 erar
380 4254 587 4315 nomneper;
620 4232 675 4296 fos
698 4233 757 4307 sei,

133 4352 241 4415 pacer
264 4334 314 4396 sei
336 4352 415 4396 ocre
437 4333 541 4414 Fisei,
562 4341 660 4404 itote
691 4333 757 4396 Iio·

133 4433 224 4508 vine,
257 4454 334 4497 erer
354 4454 489 4508 nomne,
524 4454 601 4497 erar
623 4455 758 4498 nomne.

135 4534 236 4610 arsie,
271 4533 318 4598 tio
352 4536 505 4598 subocau
539 4537 671 4598 suboco
706 4536 762 4599 dei

136 4633 313 4700 Grabove.
358 4635 466 4698 arsier
496 4635 576 4699 frite
609 4637 658 4699 tio
682 4640 761 4701 sub-

809 494 870 549 imo
906 496 947 550 ad
984 513 1068 552 aram
1104 497 1243 553 divorum
1279 498 1321 554 ad
1355 498 1435 554 urbi·

810 592 902 666 cum-l
922 594 1021 655 linem.
1050 605 1082 652 et
1094 597 1204 655 urbicis
1227 598 1336 655 finibus
1353 607 1435 655 utro·

810 712 871 769 que
896 713 1017 753 vorsum
1040 705 1171 757 servato.
1192 696 1196 772 Ι

853 796 944 853 Fines
984 798 1094 856 urbici:
1138 799 1177 855 ab
1218 800 1298 857 sellis
1341 819 1436 875 augu-
1492 874 1494 877 ι

809 897 921 954 ralibus
952 899 993 956 ad
1015 901 1094 957 ostia
1125 902 1165 957 ad
1189 901 1361 958 ooserclum
1394 903 1437 960 ad

809 999 978 1072 praesolias
1016 999 1121 1074 Nurpii
1167 1003 1207 1059 ad
1252 1003 1410 1059 vasirslum
1433 995 1438 1079 Ι
1458 1006 1489 1063 13

810 1100 852 1155 ad
875 1101 1016 1156 smursim
1038 1103 1079 1157 ad
1101 1102 1262 1159 delubrum
1277 1102 1436 1159 Miletinae

810 1202 851 1256 ad
873 1202 994 1259 tertiam
1016 1221 1143 1278 pracum
1164 1212 1367 1278 pracatarum,
1396 1204 1435 1260 ab

810 1300 892 1358 sellis
927 1302 1121 1376 auguralibus
1155 1305 1197 1361 ad
1226 1303 1331 1361 fanum
1352 1299 1356 1382 Ι
1374 1304 1436 1362 Ve-

810 1403 886 1458 sticii
900 1403 941 1458 ad
964 1405 1091 1459 tandem
1104 1403 1191 1460 Rufri
1214 1405 1255 1462 ad
1276 1406 1436 1462 delubrum

811 1501 932 1561 Noniae
955 1505 995 1560 ad
1016 1505 1176 1562 delubrum
1188 1505 1260 1563 Salii
1276 1509 1316 1562 ad
1333 1506 1436 1563 fanum

812 1603 884 1660 Hoii
919 1607 959 1661 ad
997 1606 1099 1662 ianum
1132 1606 1277 1667 Patellae.
1314 1604 1324 1676 Ι
1356 1607 1437 1665 infra
1456 1611 1489 1664 15

810 1705 886 1762 istos
910 1705 986 1762 fines
1022 1707 1073 1780 qui
1106 1708 1323 1783 suprascripti
1355 1717 1436 1780 sunt,

810 1824 931 1880 parram
958 1825 1146 1883 prosperam,
1180 1810 1333 1867 cornicem
1366 1828 1437 1885 pro·

811 1925 932 1982 speram
964 1918 1094 1969 servato,
1128 1926 1220 1983 supra
1241 1910 1316 1967 istos
1337 1905 1341 1986 Ι
1361 1911 1436 1968 fines

810 2009 911 2082 picum
954 2008 1150 2082 legittimum,
1190 2010 1291 2084 picam
1328 2011 1437 2085 legitu-

810 2127 890 2166 mam
914 2118 1043 2167 servato
1073 2110 1098 2166 si
1120 2111 1241 2167 oscines
1260 2112 1436 2182 cecinerint,

812 2211 856 2268 sic
893 2211 923 2266 in
958 2210 1157 2268 tabernaculo
1194 2212 1308 2268 sedens
1328 2207 1333 2287 Ι
1351 2230 1438 2269 man·

810 2313 897 2379 datu,
929 2310 1083 2368 flaminem
1115 2313 1238 2369 nomine
1264 2313 1436 2387 appellato:

810 2407 941 2486 ‘parram
950 2431 1138 2488 prosperam,
1149 2414 1304 2470 cornicem
1309 2432 1438 2490 prospe·

810 2531 885 2582 ram,
909 2515 1011 2588 picum
1033 2514 1223 2587 legitumum,
1247 2516 1348 2589 picam
1364 2516 1437 2590 legi·

812 2625 938 2684 rumam,
959 2610 963 2692 Ι
985 2615 1147 2688 legitumas
1171 2601 1253 2684 a'ves,
1276 2616 1437 2691 legitumas
1456 2628 1489 2678 18

812 2716 935 2773 oscines
959 2715 1082 2782 divinas⁸
1100 2714 1164 2788 tibi,
1195 2716 1261 2773 urbi
1280 2717 1435 2791 Iguvinae,

811 2818 882 2874 huic
905 2817 998 2874 statui
1020 2810 1155 2875 statut0.’
1184 2817 1235 2873 Ad
1251 2817 1328 2875 haec
1351 2836 1438 2877 sacra

812 2918 916 2975 omnia
941 2913 946 2994 Ι
974 2917 1078 2992 populi
1112 2917 1262 2974 lustrandi
1296 2927 1329 2975 et
1360 2919 1438 2977 arcis

811 3020 945 3095 piandae
956 3019 1070 3091 virgam
1079 3019 1438 3093 imperatoriamhabetO.

812 3121 872 3178 foci
901 3121 942 3176 ad
965 3128 1085 3194 portam
1108 3119 1295 3177 Treblanam
1318 3121 1370 3195 qui
1392 3140 1439 3180 ar·

811 3222 854 3280 cis
879 3218 889 3289 Ι
911 3220 1046 3295 piandae
1078 3237 1171 3278 eausa
1200 3221 1438 3292 adhibebuntur,
1456 3233 1492 3284 20

811 3341 866 3381 eos
890 3325 933 3380 sic
946 3322 1104 3391 adhibet0,
1127 3332 1162 3380 ut
1183 3324 1286 3397 ignem
1309 3324 1348 3381 ab
1367 3325 1439 3398 igne

814 3427 1019 3483 accendendo
1032 3425 1208 3484 inflammet.
1231 3426 1304 3483 item
1317 3426 1359 3483 ad
1368 3445 1439 3502 por·

812 3535 875 3584 tam
898 3526 1101 3584 Tesenacam.
1125 3526 1199 3583 item
1235 3520 1239 3604 Ι
1260 3528 1299 3584 ad
1318 3535 1439 3602 portam

813 3623 956 3702 Veiam.l

855 3727 937 3785 Ante
977 3737 1098 3802 portam
1142 3729 1329 3787 Trebianam
1373 3731 1438 3789 Iovi

813 3827 969 3886 Grabovio
1008 3830 1103 3886 boves
1141 3830 1193 3887 tris
1225 3831 1328 3890 facito,
1393 3832 1438 3890 sic

810 3936 934 3985 narrato
981 3930 1093 3988 libans:
1140 3911 1189 3987 ‘te
1220 3930 1360 3988 invocavi
1392 3932 1438 3989 in·

812 4046 889 4087 voco
910 4030 914 4104 Ι
935 4031 1036 4088 divum
1065 4030 1251 4088 Grabovium
1285 4050 1340 4106 pro
1366 4051 1437 4091 arce
1455 4038 1489 4089 23

812 4133 904 4201 Fisia,
937 4152 992 4207 pro
1014 4133 1089 4189 urbe
1112 4133 1250 4208 iguvina‚
1281 4152 1337 4209 pro
1360 4137 1437 4193 arcis

811 4235 946 4302 nomine,
958 4252 1013 4310 pro
1024 4235 1105 4291 urbis
1115 4236 1253 4304 nomine;
1268 4236 1373 4294 volens
1385 4237 1437 4305 sis,

812 4337 962 4412 propitius
983 4338 1022 4394 sis
1047 4337 1109 4394 arci
1120 4337 1144 4393 F
1146 4337 1232 4404 isiae,
1253 4339 1257 4408 Ι
1277 4338 1343 4395 urbi
1366 4338 1437 4414 Igu·

811 4442 910 4509 vinae,
945 4441 1022 4498 arcis
1051 4441 1177 4510 nomini,
1206 4441 1288 4498 urbis
1310 4443 1437 4502 nomini.

814 4550 931 4608 sancte,
965 4550 996 4598 te
1029 4543 1168 4600 invocavi
1197 4543 1306 4600 invoco
1333 4543 1442 4604 divum

814 4642 1011 4702 Grabovium.
1046 4645 1148 4702 sancti
1173 4643 1282 4701 fiducia
1300 4650 1331 4699 te
1354 4643 1446 4708 invo-
