3742 5364
697 350 756 408 133
1277 348 1376 406 ΠΑ23

74 542 132 593 tra
154 532 292 613 aplenia
315 527 482 611 sutentlu.
526 536 619 610 pedu
646 551 698 591 se·
750 544 797 591 tra
840 534 963 608 impleta
1007 525 1205 608 supponilto.
1264 534 1377 607 pedem

74 634 152 696 ritu.
185 633 282 695 arvia
302 631 385 712 puni
403 630 583 711 purtuvitu
597 630 701 693 vesti·
752 644 884 692 servato.
938 635 1019 690 arvia
1050 651 1147 708 posca
1176 635 1320 709 porricito
1344 635 1376 692 li·

75 735 164 795 katu
190 733 460 814 uhtrepudaltu,
493 731 621 811 pustin.
641 752 700 792 an·
714 755 739 791 rr
753 737 826 793 bato
872 738 995 812 tripoda
1011 733 1077 804 lt0‚
1115 736 1146 792 in
1180 737 1262 793 vices
1296 737 1375 796 vino,

76 827 125 898 §if
136 835 227 899 vinu.
256 833 355 895 nuvis
377 834 617 913 ahtrepudatu‚
640 831 703 894 ‘tiu
729 837 880 893 noviens
924 838 1095 912 tripodam,
1136 833 1182 894 ‘te
1216 855 1312 912 posca
1346 846 1376 894 te

78 1060 136 1117 pro
160 1060 232 1098 veru
256 1052 304 1098 est
326 1036 464 1119 (Plautus
488 1040 544 1097 tibi
561 1042 615 1096 stit
635 1041 803 1119 machaera,
838 1046 870 1096 ut
893 1040 971 1096 nabit
992 1042 1145 1098 veruinast
1166 1040 1258 1115 domi)
1281 1045 1376 1099 modo

78 1161 135 1217 pro
160 1161 251 1199 carne
274 1141 447 1216 (Ennodius
461 1141 561 1220 farra
582 1143 704 1215 sanguis
726 1148 795 1197 tura
819 1143 956 1198 uerueuae
979 1143 1068 1198 idolis
1090 1136 1297 1220 exhibentur),
1333 1144 1376 1202 sic
1431 1127 1433 1130 ⁵

77 1243 228 1299 breutalra
252 1245 282 1300 in
304 1261 393 1300 versu
412 1245 451 1302 23
473 1261 511 1298 ex
535 1244 656 1316 aplenia
672 1243 758 1316 quod
781 1243 937 1299 adiectum
955 1251 1003 1298 est
1021 1251 1053 1298 et
1073 1262 1112 1298 ex
1131 1244 1285 1300 subdendi
1307 1262 1374 1318 sup·

81 1345 257 1420 ponendive
288 1345 380 1401 verbo
415 1345 499 1418 quod
527 1345 664 1417 sequitur
691 1341 816 1418 (sulentu
840 1345 926 1417 quasi
951 1343 1139 1418 subtendito)
1169 1346 1302 1403 conicias
1332 1347 1376 1402 in-

80 1455 283 1502 strumentum
306 1454 444 1502 extorum
466 1462 534 1501 esse
559 1463 710 1502 conexum
733 1462 801 1501 cum
823 1445 944 1501 veribus
968 1446 1010 1502 ad
1034 1454 1191 1502 cocturam
1210 1440 1376 1523 (Vergilius

78 1548 157 1604 Aen.
182 1546 208 1601 V
223 1548 282 1605 103
306 1546 408 1602 ardeae
431 1546 524 1601 abana
540 1547 647 1614 lacaul,
669 1546 820 1622 subiciunt
833 1545 950 1602 mribus
959 1544 1103 1619 prunas),
1130 1546 1279 1602 bremalru
1294 1565 1320 1604 V.
1336 1549 1376 1605 28

78 1667 117 1703 ex
140 1648 327 1722 prosecandi
350 1640 441 1703 uerbo
475 1647 686 1704 concludimus
717 1656 836 1721 partem
871 1664 940 1704 esse
973 1655 1114 1703 extorum
1144 1657 1229 1704 certa
1257 1649 1376 1704 ratione

79 1758 228 1806 structam
252 1758 283 1805 et
305 1759 521 1823 praeparatam
537 1750 578 1804 ad
594 1748 742 1804 honorem
759 1749 910 1806 deorum„
932 1765 1047 1804 nomen
1070 1749 1131 1804 noli
1147 1749 1289 1805 dubitare
1306 1750 1377 1823 quin

79 1871 98 1907 a
122 1851 288 1907 cremando
312 1849 416 1906 fictum
440 1851 478 1906 sit
500 1850 605 1924 itaque
627 1858 660 1905 ut
684 1868 750 1904 crus
766 1858 796 1905 et
812 1847 892 1926 tesca
916 1851 961 1906 vel
978 1842 1083 1909 ἐὑστά
1106 1851 1148 1907 ad
1172 1850 1312 1906 ordinem
1333 1851 1376 1906 rei

79 1953 201 2008 divinae
218 1951 417 2025 locorumque
433 1952 598 2008 ministeria
613 1951 709 2024 magis
722 1952 866 2024 respiciat
882 1968 974 2025 quam
990 1952 1030 2008 ad
1046 1951 1175 2008 offarum
1191 1952 1376 2008 viscerumve
1451 1957 1453 1960 ’

78 2062 228 2122 naturam,
251 2062 327 2127 puto
354 2053 499 2126 distingui
522 2062 593 2108 exta
618 2070 697 2127 quae
721 2061 953 2109 concrementur
989 2054 1093 2128 prunis
1126 2062 1180 2108 aut
1214 2053 1377 2109 craticulae

78 2156 224 2229 imposita
246 2154 346 2211 solida
369 2154 407 2210 ab
431 2155 473 2209 eis
497 2171 576 2228 quae
600 2161 773 2210 torreantur
795 2154 825 2209 in
849 2154 978 2222 veribus,
1008 2172 1109 2229 eaque
1141 2172 1236 2211 causa
1259 2154 1322 2210 fie'ri
1345 2162 1378 2210 ut

82 2259 144 2313 deo
168 2257 218 2313 illa
242 2256 348 2322 semel,
371 2255 449 2311 haec
470 2256 641 2311 identidem
665 2257 890 2312 admoveantur
912 2264 944 2311 et
966 2256 1159 2315 offerantur„

182 2360 221 2415 24
238 2359 337 2430 pedem
359 2363 474 2412 seruata
498 2366 530 2414 ut
546 2359 664 2432 opinor,
681 2338 751 2414 non
760 2359 867 2431 pedum
891 2353 1040 2431 βόθυνον.
1068 2357 1148 2413 hunc
1167 2357 1256 2430 igitur
1271 2357 1378 2430 demp-

81 2467 146 2515 tum
170 2459 269 2515 catulo
293 2459 446 2533 excipiunt
469 2476 508 2514 ne
532 2459 692 2515 adoleatur
715 2459 852 2527 flammis
885 2458 1020 2531 ideoque
1044 2476 1069 2516 v.
1095 2460 1133 2516 29
1162 2459 1214 2514 ubi
1242 2457 1378 2514 catulum

79 2560 281 2633 porricientes
297 2560 382 2634 quasi
403 2559 596 2616 membratim
612 2561 673 2616 deo
690 2569 882 2627 consecrant,
906 2560 1033 2634 primum
1049 2567 1231 2616 venerantur
1246 2559 1377 2632 aamedca

80 2660 114 2714 id
135 2668 182 2715 est
205 2654 324 2737 ἀποδίᾳ
349 2677 440 2733 quam
461 2668 581 2733 partem
605 2661 775 2734 corpusculi
796 2678 852 2734 pes
875 2660 988 2718 deficit.
1028 2678 1099 2716 nam
1121 2662 1233 2717 rectius
1255 2661 1294 2717 illi
1317 2679 1379 2716 am·

81 2761 255 2834 negationis
277 2778 371 2834 quam
394 2762 535 2830 ambitus
558 2758 742 2835 περιπεῑίας
764 2770 953 2835 potestatem
976 2762 1110 2818 adtribui
1132 2763 1249 2837 opinor.
1295 2778 1379 2818 com·

81 2862 239 2936 parandus
262 2860 310 2918 hic
334 2862 408 2917 ritus
432 2881 501 2919 cum
524 2863 734 2935 antiquissimo
758 2863 967 2919 Romanorum
989 2879 1072 2918 more
1096 2880 1131 2918 os
1155 2864 1265 2919 mortui
1289 2880 1378 2936 quem

82 2963 270 3018 combusturi
291 2971 379 3019 erant
411 2965 616 3020 resecantium
638 2972 669 3019 et
693 2964 909 3038 excipientium
938 2965 979 3020 ad
1013 2963 1156 3020 familiam
1187 2966 1394 3039 purgandam.

83 3063 195 3136 (Varro
219 3065 236 3121 l.
261 3063 311 3122 lat.
335 3063 363 3119 V
380 3066 419 3121 23
453 3062 561 3121 Cicero
585 3066 625 3119 de
649 3065 707 3137 leg.
732 3061 839 3138 1160),
864 3067 948 3138 quod
970 3066 1143 3122 institutum
1167 3083 1183 3119 e
1206 3065 1378 3139 primordiis

83 3165 163 3220 vitae
186 3164 337 3221 humanae
360 3165 531 3222 inhaesisse
554 3165 689 3238 pluribus
711 3166 855 3238 gentibus
877 3165 1078 3222 Liebrechtus
1106 3167 1220 3224 docuit.
1267 3166 1379 3222 Paulus

85 3267 168 3322 Festi
191 3284 219 3340 p.
244 3269 303 3325 148
339 3264 494 3321 membrum
518 3264 633 3321 abscidi
652 3272 764 3322 marma
788 3265 937 3322 dicebatur
958 3285 1019 3322 cum
1042 3267 1153 3341 digitus
1188 3269 1248 3323 etus
1270 3268 1380 3323 decide-

83 3366 180 3434 batur,
204 3369 246 3422 ad
266 3369 344 3441 quad
361 3373 507 3423 servulum
531 3367 606 3423 iusla
621 3366 730 3439 ficreul
750 3369 866 3442 reliqua
890 3377 1010 3442 corpore
1034 3368 1181 3426 curribusta.
1213 3370 1309 3443 digito
1326 3369 1382 3426 ho-

83 3470 172 3525 minis
196 3470 288 3525 catuli
312 3469 481 3542 respondet
503 3468 642 3541 petiolus

185 3572 223 3628 25
248 3587 315 3625 cum
332 3569 422 3642 panis
446 3568 608 3626 libationes
632 3571 858 3644 praecipiantur
881 3572 1019 3644 primum,
1044 3571 1243 3639 deinde'vini‚
1267 3571 1379 3645 suppli·

83 3672 213 3728 cationis
237 3679 344 3755 autem·
363 3687 441 3743 quae
476 3671 613 3744 sequitur
645 3671 775 3728 formula
807 3681 950 3746 utrasque
983 3673 1146 3730 libationes
1171 3675 1380 3742 commisceat,

84 3773 258 3828 alternatim
280 3789 333 3828 eas
356 3773 473 3832 institui
491 3773 552 3828 veri
575 3773 672 3829 simile
696 3782 744 3830 est
766 3783 797 3831 et
820 3777 906 3848 quod
927 3784 1163 3850 praeceptorum
1185 3776 1283 3831 ordini
1308 3794 1381 3833 con·

84 3894 217 3949 sequens
237 3876 377 3931 videatur
401 3876 547 3948 temporis
570 3877 759 3932 intervallum
783 3877 825 3933 eis
850 3878 947 3932 verbis
978 3878 1042 3933 tolli
1073 3895 1153 3951 quae
1177 3898 1194 3934 a
1216 3879 1290 3952 poni
1313 3897 1381 3934 ora·

85 3977 202 4032 tionem
224 3977 265 4031 ad
288 3977 390 4031 vinum
413 3979 584 4034 traducunt.
630 3995 722 4051 quam
746 3979 784 4033 ob
810 3996 874 4034 rem
897 3980 1000 4051 puslin
1025 3964 1114 4056 aulas
1127 3980 1316 4052 interpretor.
1325 3987 1383 4052 per

84 4079 164 4136 ae'ces.
209 4079 395 4151 praepositio
419 4078 468 4132 illa
491 4078 611 4134 Vmbris
635 4087 666 4134 et
688 4077 778 4135 Oscis
802 4087 850 4135 est
873 4079 1075 4135 distribuendi
1107 4080 1135 4134 vi
1166 4080 1307 4154 praedita
1332 4097 1382 4136 ca·

87 4170 214 4252 sumque
243 4179 299 4235 sibi
322 4180 438 4252 expetit
473 4187 613 4251 quartum
646 4174 772 4255 (flamen
802 4180 976 4236 mercedem
1011 4181 1123 4254 accipit
1156 4198 1258 4235 numer
1273 4190 1383 4253 preuer

78 4281 163 4353 pusii
181 4279 345 4357 bustruaus
369 4297 561 4335 nummorum
594 4281 782 4354 singulorum
805 4281 835 4335 ln
870 4281 993 4348 fundos,
1028 4290 1154 4338 senatus
1178 4281 1315 4337 Nolanus
1349 4290 1381 4338 et

84 4381 252 4437 Abellanus
275 4380 415 4437 aedificia
438 4382 536 4461 extrui
557 4384 738 4455 permittunt
764 4384 865 4453 partin
888 4383 996 4457 slagim
1024 4401 1080 4457 pro
1104 4401 1159 4440 sua
1182 4391 1311 4456 uterque
1333 4401 1381 4438 re·

84 4477 200 4558 gione).
246 4465 335 4556 aulis
351 4483 537 4540 declinatum
561 4492 594 4538 ut
616 4483 690 4562 aues
705 4484 802 4539 simile
826 4492 873 4540 est
896 4485 1013 4559 graecis
1037 4485 1201 4558 latinisque
1224 4485 1381 4542 vocabulis

86 4584 216 4639 flexuras
239 4592 270 4638 et
289 4601 437 4650 versuras,
461 4601 552 4639 curva
575 4593 606 4639 et
629 4584 783 4641 anfractus
802 4585 1009 4642 indicantibus
1033 4579 1158 4659 ἀγκῶνι
1179 4579 1282 4659 ἀγκὰς
1304 4602 1383 4640 anco

84 4684 214 4743 aduncis
237 4683 276 4741 al.
300 4685 383 4740 unde
407 4683 495 4740 facile
517 4685 694 4760 pervenitur
711 4687 752 4742 ad
768 4704 875 4744 versae
889 4689 960 4745 vicis
983 4689 1202 4762 significatum,
1226 4686 1387 4744 sivebrac·
