3742 5364
706 347 743 405 51
1168 402 1171 406 Α
1262 345 1376 405 vlita

74 529 223 610 pihaner
245 547 352 609 perca
374 525 540 588 arsmatia
570 524 701 588 habitu.
752 529 886 604 piandae
896 529 1011 603 virgam
1020 529 1377 606 imperatoriamhabeto.

74 649 184 691 vasor
215 628 351 692 verisco
374 626 569 700 Treblanir,
603 624 701 707 porsi
754 631 812 687 foci
842 631 883 687 ad
905 638 1026 705 portam
1049 630 1236 689 Treblanam
1258 632 1310 706 qui
1332 652 1379 690 ar·

75 749 178 794 ocrer
196 729 374 810 spehaner
386 747 476 809 paca
488 726 698 802 ostensendi‚
713 751 738 788 u
752 731 794 789 cis
820 728 829 799 l
851 731 986 806 piandae
1018 749 1111 789 causa
1140 732 1377 803 adhibebuntur,

74 933 210 991 amicitia
232 950 290 989 nec
312 941 376 990 tam
398 933 550 1006 patienter
572 933 650 989 deos
674 933 752 988 ferre
774 932 899 988 iniurias
931 949 1002 988 suas
1026 935 1166 1004 credunt,
1204 942 1237 991 ut
1259 933 1378 1008 ignosci

74 1051 170 1110 posse
194 1040 318 1109 sperent
337 1033 457 1108 piaculo
482 1035 567 1106 quod
588 1034 645 1107 ipsi
667 1052 708 1089 ue
733 1032 898 1108 cogitarint
919 1032 1045 1106 quidem
1065 1033 1161 1094 luere.
1208 1034 1269 1092 hoc
1290 1035 1381 1110 igitur

75 1135 247 1194 involutum
269 1137 405 1210 oportuit
426 1136 475 1193 illa
500 1137 666 1192 sententia:
697 1136 798 1210 siquid
819 1136 935 1193 facturn
958 1144 1006 1193 est
1027 1138 1140 1211 piaculi
1164 1155 1223 1195 nec
1245 1137 1302 1194 rite
1325 1154 1377 1193 ex·

75 1237 201 1312 piatum,
223 1237 341 1294 recidat
352 1239 394 1294 ad
405 1237 541 1295 nihilum.
586 1239 627 1293 ad
651 1255 801 1294 summam
814 1256 927 1293 arsmor
950 1238 1074 1295 nomine
1095 1248 1164 1296 sunt
1177 1239 1247 1295 almi
1259 1239 1376 1313 opinor,

76 1338 249 1412 significatu
263 1334 380 1412 θεεμοί,
404 1338 476 1395 ritus
491 1339 591 1413 patrii,
609 1340 708 1394 omnis
731 1339 825 1394 divini
841 1347 934 1412 atque
953 1339 1076 1395 humani
1091 1341 1161 1397 iuris
1182 1341 1377 1398 nutrimenta.

78 1440 192 1497 Graeci
214 1435 363 1514 ἀδμεύειν
379 1457 434 1514 pro
454 1435 606 1510 ὑγιαίνειν
629 1439 697 1511 ζῆν,
720 1434 893 1512 ἀδμενίδας
915 1434 1076 1515 ἀτμένους
1093 1458 1147 1515 pro
1164 1441 1256 1498 servis
1269 1440 1377 1496 vernis.

76 1541 192 1597 almum
214 1541 315 1598 Latini
338 1550 458 1598 veteres
481 1558 647 1616 numquam
670 1541 837 1597 adhibuere
861 1549 946 1597 extra
971 1542 1083 1610 divina,
1107 1542 1255 1599 almitiem
1278 1541 1379 1597 Philo·

77 1643 150 1698 xeni
174 1643 355 1715 glossarium
384 1644 601 1716 interpretatur
625 1638 754 1716 αὔξηειν
778 1637 886 1716 ἀρχῆς,
916 1642 1065 1700 alimoues
1089 1643 1237 1701 Luxorius
1262 1661 1301 1700 ex
1324 1659 1379 1699 suo

76 1744 227 1817 glossario
250 1745 401 1802 didicerat
423 1762 492 1802 esse
513 1753 661 1818 patronos
685 1739 760 1819 (AL.
778 1747 816 1802 19
839 1763 869 1818 p.
883 1746 967 1820 69,9
992 1739 1121 1821 Riesei).
1166 1745 1296 1819 populus
1311 1743 1380 1818 Igu·

76 1846 165 1902 vinus
187 1845 238 1903 ubi
269 1846 421 1914 lustratur,
456 1854 517 1902 tres
540 1846 754 1920 distinguimus
778 1847 905 1919 gradus:
938 1845 1068 1919 primum
1099 1847 1180 1902 enim
1212 1845 1378 1920 peregrinis

77 1947 220 2024 omnibus
250 1948 441 2004 interdicitur
468 1965 507 2003 ne
530 1948 680 2014 intersint,
714 1956 776 2004 turn
791 1946 930 2023 populus
954 1947 1128 2004 lustrandus
1149 1947 1284 2020 legitime
1306 1963 1380 2002 con·
1417 1948 1421 1953 '

77 2049 211 2105 stituitur
233 2043 321 2124 (puta
346 2045 427 2108 κατὰ
450 2047 540 2123 φῦλα
562 2045 643 2107 κατὰ
666 2041 826 2126 φρήτρας)
850 2047 910 2105 hac
934 2048 1062 2104 formula
1079 2048 1256 2103 arsmame'ni
1271 2053 1380 2104 catera·
1405 2046 1412 2069 '⁴

77 2149 157 2204 urani
180 2149 313 2223 Iguuini,
346 2150 480 2223 denique
514 2150 661 2207 absolutis
695 2149 835 2223 precibus
871 2149 1013 2206 lustratus
1047 2148 1197 2223 proficisci
1226 2148 1378 2205 exercitus

78 2249 197 2306 iubetur
219 2251 262 2307 sic
285 2252 351 2307 r‘iole
376 2251 510 2325 Iguuini.
555 2268 613 2308 nec
645 2251 887 2324 praetermittam
910 2251 940 2307 in
964 2252 1027 2308 tab.
1051 2250 1081 2306 Π
1104 2250 1128 2307 Β
1154 2249 1284 2305 Admana
1308 2248 1380 2305 que

69 2356 162 2424 preire
184 2368 221 2408 ac
243 2352 358 2409 deinde
375 2350 451 2420 Saei
465 2351 536 2408 que
550 2361 583 2425 p,
602 2369 688 2409 sacra
712 2352 794 2409 facta
810 2369 865 2426 pro
881 2352 1023 2426 gentibus
1046 2350 1223 2419 foederatis
1250 2366 1378 2424 quorum

78 2451 140 2508 vim
167 2454 323 2509 numinum
346 2453 504 2510 Ennianus
529 2454 667 2510 declarat
691 2471 795 2509 versus
818 2468 832 2504 o
857 2452 947 2508 Fides
969 2453 1050 2509 alma
1072 2458 1141 2526 apta
1163 2451 1267 2524 pennz's
1289 2456 1315 2507 et
1336 2452 1381 2507 ius

79 2551 240 2607 iurandum
265 2552 350 2610 Iovii.
397 2557 435 2610 ab
460 2556 625 2611 arsmando
648 2554 740 2628 igitur
762 2554 902 2609 arsmatia
924 2553 1089 2610 descendit
1118 2570 1261 2626 pereum
1284 2552 1380 2609 decli·

77 2660 184 2709 natum
207 2653 257 2727 qui
286 2654 317 2710 in
340 2655 431 2712 Latio
454 2654 613 2724 obsolevit,
648 2655 792 2729 quoniam
815 2655 967 2711 adiectiva
990 2655 1125 2710 maluere
1148 2671 1326 2710 excrescere
1348 2654 1379 2710 in

77 2753 258 2810 muliaiicuen
273 2755 471 2823 muliau‘cium,
495 2756 577 2812 velut
597 2755 772 2831 θεμιετεῑον
791 2754 931 2814 (κᾶπτον
954 2762 986 2811 ut
1003 2755 1139 2811 dictione
1156 2752 1279 2811 Pindari
1302 2762 1380 2812 utar.

77 2855 295 2926 imperatoriam
318 2858 402 2930 quod
425 2857 524 2930 posui,
557 2865 588 2912 et
612 2857 806 2914 excusabitur
829 2856 873 2913 eis
896 2872 975 2929 quae
998 2854 1128 2911 disserui
1151 2864 1182 2912 et
1203 2856 1378 2930 corrigetur,

76 2973 137 3011 nec
152 2957 233 3012 enim
254 2956 370 3030 imperii
393 2963 513 3012 tanturn
536 2957 703 3013 sedetiam
725 2955 891 3014 sacerdotii
914 2956 1034 3029 insigne
1057 2955 1149 3012 fuisse
1165 2957 1380 3013 demonstrant

77 3075 191 3112 arsmor
209 3055 338 3124 sabatur,
361 3056 526 3131 religiones
550 3059 694 3118 omissae.
739 3067 876 3115 ceterum
899 3059 983 3131 quod
1007 3057 1165 3131 superiora
1189 3074 1285 3131 augur
1312 3074 1379 3130 per·

77 3158 152 3232 agit,
174 3157 252 3215 haec
274 3158 395 3225 flamen,
418 3158 547 3215 flaminis
573 3167 681 3216 autem
703 3177 817 3216 nomen
839 3176 901 3216 non
925 3165 1192 3224 commemoratur,
1212 3175 1261 3228 ea
1284 3159 1325 3213 de
1346 3174 1379 3212 re

77 3258 142 3314 dixi
162 3259 203 3314 ad
225 3258 253 3313 V
276 3260 303 3317 A
328 3262 376 3317 17.

177 3378 273 3428 vasen,
295 3370 328 3417 ut
350 3361 457 3435 plebes
482 3362 577 3419 latina
607 3347 789 3437 loquebatur
812 3364 884 3422 vasi.
930 3349 1048 3418 foculos
1071 3361 1121 3435 qui
1143 3368 1302 3434 gestentur
1324 3361 1377 3417 ad·

77 3459 232 3534 sequimur
246 3479 285 3517 ex
306 3461 383 3535 ignis
405 3464 571 3523 mentione.
615 3465 820 3521 nominativus
836 3465 994 3520 adtractus
1016 3471 1063 3519 est
1078 3463 1120 3518 ad
1133 3462 1222 3535 parsi
1240 3457 1379 3537 (pas-de),

79 3579 162 3637 quae
187 3561 362 3636 imparilitas
385 3563 532 3620 orationis
555 3565 585 3621 in
609 3565 815 3622 monumentis
838 3565 965 3620 vetustis
989 3565 1062 3620 satis
1086 3561 1229 3638 frequens
1253 3571 1310 3621 est.
1348 3564 1379 3619 in

78 3663 233 3720 sententia
246 3661 451 3719 Minuciorum
473 3663 596 3721 Vituries
619 3667 688 3739 quei
707 3666 842 3721 danuzaii
857 3671 934 3732 serui,
958 3683 1004 3720 eos
1026 3664 1133 3720 ouener's
1153 3665 1248 3720 soluei
1267 3665 1380 3720 ui'detur

76 3768 218 3837 oportere,
253 3763 304 3819 ubi
334 3764 457 3837 politior
486 3775 572 3822 aetas
604 3766 730 3823 Viturias
756 3766 937 3840 scripsisset,
972 3766 1003 3821 in
1038 3765 1105 3838 lege
1129 3763 1228 3821 Sullae
1252 3765 1380 3821 viatores

69 3875 231 3939 praecones
252 3866 322 3938 quai
342 3883 381 3920 en·
402 3865 456 3922 hac
478 3867 540 3941 lege
563 3869 646 3924 lactei
664 3888 686 3927 s.
710 3874 803 3934 erunt,
828 3868 867 3923 eis
890 3866 1055 3938 vz'aiorz'bus
1070 3864 1262 3939 praeconibus
1284 3866 1379 3939 reregi·

74 3969 187 4020 stralus
207 3968 372 4022 tantundem
395 3967 471 4032 dato,
495 3968 573 4026 CIL.
595 3969 609 4024 I
632 3972 692 4028 577
717 3970 756 4027 al.‘

180 4067 219 4124 20
235 4075 314 4139 paea
337 4066 443 4124 Vmbri
475 4071 563 4142 quasi
597 4071 753 4145 pactione,
788 4090 876 4126 causa
897 4069 998 4126 Latini
1031 4068 1119 4143 quasi
1154 4068 1295 4125 cautione
1322 4067 1380 4124 sibi

77 4174 223 4224 caventes
246 4168 286 4224 de
310 4185 348 4224 eo
371 4171 456 4242 quod
477 4178 596 4246 petunt.
632 4172 688 4244 pz'r
706 4178 819 4245 petreio,
854 4173 949 4247 ignem
972 4170 1093 4245 ignr'tus,
1128 4170 1201 4226 talia
1225 4169 1305 4225 enim
1328 4187 1379 4225 ve-

77 4277 162 4324 teres
186 4268 270 4340 plura
292 4269 405 4326 finxere
429 4271 511 4328 velut
535 4271 686 4331 Caecilius
709 4275 863 4348 pugnans.
906 4274 937 4329 in
959 4273 1170 4349 monosyllabo
1193 4271 1307 4327 vocalis
1330 4287 1381 4327 so·

76 4371 174 4427 nabat
196 4371 310 4439 exilius,
333 4366 407 4445 πύιρ
430 4371 602 4431 Simonides
626 4375 761 4433 dixerat.
798 4376 901 4450 ignem
923 4375 1040 4434 Vestae
1061 4374 1151 4432 nefas
1174 4380 1240 4430 erat
1262 4373 1385 4430 Romae

78 4466 145 4530 ἀπὸ
167 4466 277 4544 ἑτέρου
298 4469 399 4546 πυρὸς
422 4470 588 4535 ἐναύεεθαι
613 4476 815 4553 (Plutarchus
837 4477 955 4536 Numae
972 4476 1015 4551 s),
1053 4485 1085 4534 at
1107 4473 1331 4532 Terminalibus
1357 4476 1391 4534 in

77 4589 164 4628 aram
187 4573 280 4645 ignem
303 4580 382 4630 curio
406 4575 475 4654 seri
503 4580 617 4636 ruslr'ca
651 4592 725 4648 testu
750 4588 892 4656 sumptum
927 4581 958 4635 de
986 4579 1086 4656 tepidis
1106 4577 1175 4650 ipsa
1197 4574 1294 4630 colona
1308 4572 1402 4648 focis

79 4667 222 4751 (Ovidius
246 4672 263 4732 l.
276 4673 304 4729 Il
319 4669 403 4753 645).
426 4678 576 4738 humanae
602 4686 851 4761 communitatis
874 4703 908 4742 ac
924 4681 1082 4743 societatis
1102 4684 1209 4752 prima
1221 4676 1295 4730 inter
1305 4689 1415 4743 prae-
