3742 5364
707 363 744 423 71
1168 364 1276 423 Vlnlt
1293 365 1375 422 lAlss

75 545 410 628 metir-persnihimu.
430 545 435 626 Ι
455 545 553 626 capif
563 544 701 625 purdita
716 570 740 608 rs
755 550 939 607 commolitis
948 558 1099 624 precator.
1111 542 1377 627 lcapldesporrec·

73 649 181 730 dupla
204 647 284 721 aito,
309 667 409 710 sacra
433 647 538 728 dupla
560 647 639 708 aitu.
662 649 665 720 Ι
751 660 799 707 tas
808 652 918 725 duplas
928 653 1022 724 agito,
1034 669 1136 710 sacras
1148 654 1256 727 duplas
1269 647 1378 730 agitol

78 857 249 913 declinatus
272 871 351 930 quos
373 855 512 910 novimus
536 872 618 913 nom.
642 870 707 912 acc.
723 853 780 926 pir
804 854 864 912 abl.
881 862 967 926 pure.
1014 871 1117 909 verum
1141 855 1170 909 in
1188 863 1299 927 purum
1323 864 1377 911 aut

54 940 149 1032 ¹quid
171 957 274 1013 valeat
297 955 400 1011 nescio
424 955 548 1011 omnino
572 963 624 1011 aut
647 954 749 1011 locum
770 972 896 1010 vacuum
920 955 944 1009 si
961 954 1079 1021 dinem,
1103 956 1262 1010 notionem
1281 955 1376 1010 habes

74 1068 108 1115 et
130 1057 360 1133 suppositiciam
384 1073 441 1112 nec
464 1056 577 1129 pariter
600 1055 869 1112 accommodatam
885 1055 924 1110 ad
942 1063 1080 1111 tenorem
1096 1056 1244 1113 sacrificii.
1281 1057 1375 1112 Arva·

77 1159 149 1216 lium
170 1158 253 1214 enim
277 1157 351 1213 ritus
375 1157 404 1211 in
429 1158 508 1213 aede
531 1155 606 1212 ollas
629 1156 818 1231 precantium
848 1164 879 1211 et
912 1156 1025 1229 apertis
1059 1156 1144 1212 ostiis
1178 1173 1232 1230 per
1266 1157 1375 1213 clivum

75 1259 254 1315 iactantium
277 1276 334 1315 nec
357 1258 433 1315 sacri
456 1258 548 1331 ipsius
571 1275 629 1313 nec
655 1257 711 1313 loci
734 1259 859 1313 nomine
875 1257 1024 1330 congruit.
1063 1266 1168 1313 contra
1184 1275 1238 1314 cur
1253 1266 1376 1330 purome

75 1360 235 1416 maluerint
257 1377 313 1434 per
331 1358 566 1432 metaplasmum
582 1376 673 1433 quam
689 1367 767 1431 pure
790 1358 936 1415 declinari
958 1375 1056 1416 causa
1078 1359 1106 1414 in
1130 1358 1294 1432 propatulo
1311 1366 1375 1417 est:

75 1463 119 1518 sic
140 1462 220 1517 enim
241 1477 305 1517 non
326 1461 550 1518 internosceres
575 1458 688 1514 formas
712 1459 944 1526 diversissimas,
979 1468 1010 1514 et
1033 1467 1066 1514 ut
1089 1467 1211 1515 taceam
1234 1458 1375 1532 ambigua

74 1562 128 1618 illa
150 1567 255 1629 taleme,
288 1578 390 1635 paene
413 1560 510 1616 omnis
534 1576 635 1614 sermo
659 1559 795 1615 similiter
822 1559 854 1615 in
885 1561 1019 1632 speciem
1042 1559 1191 1616 vocalium
1214 1558 1375 1632 transfigu-

75 1661 153 1718 ravit
175 1663 328 1735 quaedam
351 1661 475 1718 nomina
498 1659 642 1716 exeuntia
666 1661 931 1718 inconsonantes.
970 1661 1144 1734 quidquod
1167 1661 1269 1716 eidem
1286 1678 1375 1716 voca-

75 1761 149 1816 bulo
171 1762 281 1818 accidit
304 1762 364 1818 hoc
385 1762 415 1818 in
440 1757 591 1819 Graecia?
627 1758 667 1820 τὰ
696 1756 782 1834 πυρά
816 1761 897 1816 enim
931 1770 1051 1820 vocant.
1097 1763 1182 1835 quod
1216 1763 1240 1817 si
1272 1770 1377 1818 tamen

75 1863 311 1937 metaplasmum
333 1862 498 1936 improbas
532 1862 641 1918 saltem
664 1862 833 1917 derivatum
856 1880 893 1917 ex
925 1870 1000 1932 pure
1035 1864 1104 1918 volo
1139 1872 1255 1919 statuas
1271 1871 1375 1935 puram

75 1972 223 2037 tanquam
246 1963 346 2021 locum
364 1964 410 2020 vel
433 1981 552 2037 rogum,
577 1970 608 2018 ut
632 1980 669 2017 ex
686 1971 772 2035 perse
788 1971 913 2035 persam.

179 2064 312 2142 efurfatu
335 2065 458 2121 difficile
482 2072 530 2120 est
554 2064 615 2119 suis
646 2063 754 2120 linibus
791 2064 1048 2130 circumscribere,
1082 2064 1169 2121 facile
1203 2065 1376 2121 universam

76 2165 245 2240 exprimere
276 2167 460 2222 sententiam
494 2162 643 2239 effundite.
696 2165 775 2222 hanc
808 2174 912 2221 autem
943 2183 980 2220 ex
1014 2150 1243 2240 praepositione
1277 2167 1374 2240 magis

77 2286 169 2347 quam
193 2267 259 2342 ipso
282 2268 375 2323 verbo
399 2284 557 2341 emergere
580 2267 728 2323 docemur
748 2267 798 2322 illo
818 2285 902 2340 quom
925 2285 987 2322 oves
999 2266 1133 2344 sursunt
1146 2261 1186 2342 (v.
1201 2264 1263 2340 43).
1291 2269 1376 2342 quod

76 2387 187 2426 munus
214 2371 286 2426 dum
317 2377 412 2426 restat
441 2368 651 2442 peragendum
685 2385 723 2423 ex
754 2368 853 2441 priore
878 2367 1040 2434 sacrifici0,
1075 2369 1193 2445 interim
1231 2369 1376 2424 sacerdos

80 2470 184 2526 denuo
209 2470 327 2544 operari
351 2469 444 2526 sacris
461 2469 531 2524 alibi
554 2469 682 2527 iubetur.
727 2477 912 2541 quaerentes
935 2469 1025 2542 igitur
1048 2470 1121 2525 illud
1137 2470 1211 2543 quid
1230 2469 1268 2525 sit
1291 2471 1376 2544 quod

79 2578 184 2637 restat,
208 2588 357 2627 conexum
379 2570 553 2645 putabimus
578 2588 647 2626 cum
667 2588 706 2626 ea
727 2570 912 2625 caerimonia
937 2586 1018 2644 quae
1034 2570 1133 2625 aliena
1156 2578 1205 2626 est
1227 2589 1245 2627 a
1268 2570 1376 2626 ceteris

80 2671 244 2738 sacrificiis
268 2671 348 2727 ovilli
370 2671 457 2726 huius
478 2671 600 2744 propria
625 2671 748 2742 peltana
762 2669 841 2747 fetu,
865 2688 957 2746 quam
981 2670 1194 2727 holocaustum
1216 2688 1284 2726 esse
1308 2690 1376 2728 curn

77 2772 288 2845 proposuerim
305 2789 333 2845 p.
347 2773 396 2839 39,
420 2772 550 2828 viderint
565 2772 613 2828 alii
629 2772 776 2844 numquid
792 2773 967 2845 excogitare
990 2773 1107 2845 possint
1123 2771 1236 2828 Tefrali
1256 2773 1375 2845 piaculo

10 2876 17 2886 ’
77 2872 247 2946 ceterisque
270 2871 344 2928 locis
368 2872 476 2946 aptius.
520 2872 552 2927 id
576 2874 600 2928 si
630 2873 785 2941 sumimus,
820 2874 954 2947 sequitur
975 2881 1008 2928 ut
1036 2873 1146 2929 furiare
1172 2890 1244 2928 oves
1269 2874 1377 2930 creda-

76 2989 145 3028 mus
167 2972 218 3045 qui
240 2972 367 3028 flammis
390 2973 542 3048 bustoque
570 2973 701 3029 obruunt
734 2970 861 3041 (Ouoioc
884 2969 1056 3047 νερτερῐων
1079 2968 1275 3046 κατάθαπτε)
1306 2983 1377 3047 post

78 3073 249 3128 discessum
274 3074 453 3148 sacerdotis,
482 3074 549 3147 ipse
572 3075 652 3130 enim
675 3073 777 3130 ovium
799 3082 918 3130 tantum
942 3083 1013 3131 exta
1037 3075 1132 3132 dedit.
1173 3083 1299 3149 etymon
1323 3075 1377 3130 cir·

77 3173 287 3248 cumspicienti
310 3174 403 3231 latina
426 3183 473 3231 tot
489 3175 638 3233 vocabula
661 3183 832 3241 occurrunt,
852 3184 885 3231 ut
899 3175 1043 3232 inretiant
1057 3175 1158 3248 potius
1175 3193 1265 3250 quam
1282 3192 1375 3248 expe·

78 3273 176 3339 diant,
198 3284 301 3349 potest
325 3275 407 3332 idem
421 3293 499 3333 ⁴esse
522 3294 592 3332 cum
615 3277 732 3332 fervore
756 3276 844 3332 furno
868 3274 991 3343 februis,
1017 3275 1128 3333 Paulus
1153 3277 1184 3335 F,
1207 3277 1237 3331 in
1251 3275 1378 3353 forma:

78 3378 150 3428 exta
180 3393 253 3448 quae
277 3376 395 3443 dantur,
420 3373 553 3450 deforma
577 3377 775 3450 appellantur,
806 3376 925 3432 nescias
951 3385 1050 3431 utrum
1074 3377 1205 3434 decocta
1228 3395 1267 3432 an
1296 3375 1376 3431 refri-

77 3483 194 3548 gerata.
217 3475 308 3550 plane
331 3478 463 3551 quadrat
485 3477 611 3532 Furrina
633 3473 687 3553 (cf.
703 3476 828 3554 parsum
851 3473 985 3551 parram)
1016 3477 1138 3533 Maniae
1162 3487 1192 3533 et
1216 3478 1309 3533 deum
1333 3477 1378 3533 in-

78 3573 176 3630 ferum
199 3577 283 3633 socia
305 3579 345 3634 de
367 3596 428 3652 qua
451 3577 522 3634 nihil
545 3563 677 3634 traditur
695 3579 815 3645 certius,
839 3595 914 3652 gens
931 3579 954 3634 F
957 3577 1084 3645 urfania‚
1110 3579 1193 3634 vicus
1209 3577 1376 3635 Furfensis

181 3679 218 3736 18
242 3679 366 3753 capides
389 3679 551 3753 implentur
574 3679 717 3736 videlicet
739 3679 815 3736 escis
839 3680 1075 3754 potionibusque
1098 3680 1224 3752 sumptis
1249 3697 1286 3735 ex
1310 3680 1377 3754 ipso

79 3778 132 3834 illo
156 3796 253 3838 sacro.
291 3780 443 3852 purditom
466 3781 610 3852 estquod
635 3780 767 3837 solemus
790 3789 906 3835 vertere
928 3781 959 3835 in
976 3786 1138 3853 porrectum
1162 3786 1216 3849 est,
1244 3781 1378 3837 ubicum-

79 3896 141 3952 que
161 3880 327 3937 sollemnes
351 3880 512 3954 religiones
529 3889 583 3937 aut
599 3891 728 3939 cunctae
750 3882 911 3938 absolutae
926 3891 997 3938 sunt
1013 3891 1066 3938 aut
1081 3899 1218 3939 summae
1238 3900 1275 3938 ac
1289 3900 1377 3956 prae·

79 3980 197 4055 cipuae,
230 3982 316 4055 quasi
351 3983 498 4038 terminus
531 3983 625 4039 divini
653 3983 837 4059 humanique
865 3983 937 4039 iuris
969 3983 1118 4042 statuitur.
1163 3984 1267 4057 itaque
1291 3983 1376 4057 quod

79 4090 239 4155 porrectae
262 4083 387 4156 capides
410 4092 442 4139 et
465 4101 571 4140 sacrae
595 4086 817 4152 discernuntur,
848 4103 917 4140 cum
948 4101 1049 4140 sacras
1079 4085 1110 4140 di
1133 4084 1189 4141 sibi
1212 4085 1378 4158 postulent,

79 4182 145 4239 illas
166 4183 349 4257 accipiemus
371 4185 550 4259 profanatas
573 4186 788 4260 hominumque
804 4187 909 4242 usibus
925 4194 1077 4260 patentes.
1115 4186 1175 4241 oz'tu
1190 4185 1229 4240 ab
1251 4186 1376 4258 agendo

80 4300 148 4339 osse
171 4292 270 4340 ortum
293 4284 393 4343 efficio
416 4304 455 4343 ex
476 4286 575 4346 11113
589 4287 708 4365 fertum
729 4289 831 4354 uitulo,
845 4286 969 4364 scranto
991 4293 1109 4361 agunto.
1153 4287 1314 4360 gutturalis
1337 4288 1379 4343 de

79 4400 164 4440 more
187 4384 342 4443 intercidit
371 4396 404 4444 ut
435 4388 466 4443 in
500 4388 629 4463 Iguvino
651 4390 775 4445 nomine
807 4388 927 4462 Ijovz'no
957 4388 1071 4458 lovma,
1107 4389 1283 4463 variantque
1307 4385 1378 4442 Itali

80 4485 175 4559 magis
196 4486 270 4542 mair
291 4494 420 4548 mes-tra.
471 4490 596 4564 capides
628 4490 717 4564 igitur
747 4507 851 4546 secum
885 4498 1024 4564 asportat
1056 4490 1168 4546 flamen
1201 4489 1247 4571 bis
1281 4487 1382 4556 binata,

43 4626 49 4642 .
81 4602 171 4659 quem
195 4604 352 4645 numerum
381 4591 535 4665 exemplar
568 4590 717 4646 vetustius
751 4590 882 4665 explicat
914 4593 990 4648 mira
1023 4591 1175 4648 brevitate
1207 4599 1238 4645 et
1270 4587 1384 4645 ordine

81 4688 172 4744 verba
196 4689 239 4746 sic
261 4690 445 4747 distribuens
470 4691 591 4746 ht'sum'o
604 4689 717 4767 sortia,
746 4700 804 4763 pro
838 4711 905 4748 arce
928 4692 1015 4748 mlta
1035 4691 1145 4771 facito,
1182 4688 1291 4766 capides
1310 4695 1387 4757 por-
