3742 5364
230 335 327 393 naas
847 335 906 392 132

230 512 372 575 sufafiaf
410 514 517 594 supas
555 516 671 578 hahtu.
712 514 716 596 1
749 517 1038 578 berusaasuffafias
1072 538 1186 595 suppas
1219 523 1331 596 capite.
1363 517 1368 600 Ι
1408 525 1539 582 veribus

230 614 386 695 aplenies
407 609 567 695 prusesia
583 614 695 692 katte,
716 615 853 678 krema-
905 619 1035 693 impletis
1049 621 1194 694 prosicias
1208 623 1393 693 distribuito,
1412 642 1538 682 crema·

232 813 400 892 (Arnobius
424 820 553 890 V1124).
596 821 707 900 sufofio
730 829 853 878 constat
873 819 924 878 sub
948 823 1176 896 praepositione
1193 832 1224 880 et
1241 844 1281 882 eo
1296 827 1421 884 nomine
1445 832 1538 903 quod

230 923 389 978 notionem
411 924 533 980 serendi
560 941 598 980 ac
627 923 740 997 ligandi
766 923 911 979 habuisse
934 923 1062 984 videtur.
1115 923 1241 982 Plautus
1269 928 1370 985 militis
1397 947 1424 988 v.
1450 932 1539 990 1180

232 1022 389 1098 palliolum
413 1026 548 1082 naucleri
570 1025 716 1081 describit
739 1027 882 1080 1111111111
911 1025 941 1079 in
970 1043 1067 1080 1111111
1091 1026 1173 1082 laevo
1196 1026 1370 1105 easofillato
1393 1028 1538 1087 bracchio

232 1126 264 1181 id
287 1134 334 1183 est
356 1135 488 1197 exserte,
513 1137 599 1184 extra
621 1127 751 1184 amictus
774 1126 891 1183 vincula
907 1126 1036 1200 prolato.
1074 1127 1117 1184 ita
1140 1127 1205 1184 libri
1219 1128 1362 1200 Plautini,
1386 1131 1431 1187 ita
1452 1130 1537 1188 Pau-

232 1227 276 1285 lus
300 1227 384 1285 Festi
407 1237 439 1284 et
461 1227 605 1284 Placidus
627 1247 656 1302 p.
675 1230 724 1295 40,
745 1230 781 1285 21
807 1226 929 1285 Deuerl.
954 1229 1004 1301 qui
1027 1236 1188 1302 praeterea
1208 1230 1344 1303 glossam
1373 1231 1538 1290 111111111-

231 1329 318 1385 hibet
337 1348 366 1404 p.
382 1332 484 1396 41,16
509 1328 733 1407 exfobillooero
756 1347 910 1393 11111111,
933 1330 1017 1385 unde
1040 1329 1190 1386 Luxorius
1214 1331 1277 1391 AL.
1293 1334 1330 1391 19
1352 1351 1381 1407 p.
1396 1334 1448 1400 70,
1461 1335 1480 1392 3
1494 1334 1537 1395 R.

195 1421 197 1426 ’
233 1430 301 1487 lusit
313 1427 446 1507 fabulae
467 1447 554 1502 quom
577 1436 684 1486 mentor
706 1428 906 1507 easobz'llooz't
926 1430 1071 1487 oltr‘boonr
1100 1433 1131 1487 ld
1164 1442 1211 1489 est
1248 1451 1340 1508 quam
1361 1435 1479 1508 primus
1502 1437 1537 1493 in

233 1529 389 1604 publicum
411 1529 535 1603 protulit
557 1546 686 1604 magnus
709 1539 817 1603 poeta,
851 1531 969 1586 correxi
994 1531 1075 1586 enim
1098 1550 1176 1606 quae
1199 1533 1230 1588 in
1253 1535 1362 1591 codice
1387 1534 1538 1611 leguntur

232 1638 263 1686 et
285 1630 368 1704 apud
391 1629 528 1687 Riesium
551 1631 687 1703 expertia
711 1647 830 1687 sensus,
875 1630 1051 1709 eafofillore
1073 1633 1144 1689 illud
1166 1634 1252 1707 quod
1272 1653 1357 1692 more
1379 1635 1477 1694 latino
1502 1637 1537 1695 in

231 1730 417 1792 exfobillore
439 1731 586 1806 deinceps
609 1733 784 1788 traductum
806 1739 862 1799 est,
895 1733 952 1805 ipsi
980 1732 1113 1791 Romani
1141 1735 1214 1808 quid
1243 1736 1431 1809 significaret
1460 1755 1537 1794 coe·

230 1840 340 1907 perant
362 1831 513 1899 oblivisci,
548 1834 651 1906 itaque
674 1833 704 1888 in
728 1831 827 1890 Plauti
851 1851 939 1890 versu
962 1836 1149 1908 expopr'lloio
1171 1837 1401 1894 substituebant
1421 1856 1538 1897 vocem

234 1935 396 1991 obscuram
417 1943 627 2007 permutantes
650 1935 746 2008 magis
769 1942 886 2008 aperta,
915 1937 1050 2008 quamvis
1075 1939 1208 1995 absurda
1231 1937 1308 1995 hacc
1331 1948 1414 1996 esset
1437 1948 1537 2015 atque

234 2035 326 2093 etiam
349 2036 482 2092 numeris
506 2036 671 2103 contraria,
696 2036 739 2092 sic
763 2037 845 2091 enim
867 2036 969 2093 hiatus
993 2039 1119 2094 carmini
1141 2038 1269 2096 infertur
1293 2040 1409 2097 alienus
1433 2058 1452 2098 a
1472 2044 1538 2115 pri·

233 2137 314 2194 stina
338 2137 495 2210 scriptura,
529 2137 554 2192 si
577 2137 702 2209 quidem
725 2153 778 2192 cur
800 2137 929 2210 produci
953 2154 1102 2210 negemus
1124 2139 1155 2194 in
1169 2139 1282 2217 fofillo
1307 2150 1341 2198 ut
1361 2141 1392 2198 in
1405 2141 1538 2218 sabella

227 2239 347 2313 pupillo
368 2239 497 2312 primam
520 2237 603 2293 nulla
633 2255 725 2293 causa
748 2245 803 2296 est.
858 2237 971 2316 sosofio
998 2239 1088 2311 igitur
1110 2259 1127 2295 e
1152 2239 1293 2298 Plautino
1316 2243 1408 2299 verbo
1437 2242 1537 2301 effici·

231 2357 299 2396 mus
322 2340 421 2396 dictas
445 2355 513 2394 esse
530 2347 675 2411 tanquam
699 2338 888 2412 subligacula
904 2341 1055 2413 corporis:
1080 2341 1110 2397 in
1126 2343 1292 2398 visceribus
1310 2341 1422 2398 Graeci
1442 2360 1538 2416 prae·

231 2441 335 2497 cordia
358 2440 550 2516 appellarunt
572 2435 734 2514 ὑπόζωμα,
761 2440 792 2495 in
813 2438 944 2496 hominis
968 2442 1134 2500 cervicibus
1158 2443 1307 2518 stellaque
1323 2441 1447 2499 Orionis
1470 2443 1536 2500 La·

231 2543 286 2599 tini
310 2541 429 2617 iugulos
453 2542 554 2616 iugula
576 2542 708 2616 iugulas.

331 2645 370 2702 23
405 2653 476 2701 exta
499 2645 581 2701 canis
605 2645 635 2699 in
658 2645 777 2701 veribus
801 2652 964 2711 cocuntur,
997 2661 1061 2700 non
1084 2643 1160 2700 fiunt
1183 2644 1344 2704 aulicocta.
1386 2654 1420 2701 ut
1452 2646 1537 2703 koru

232 2763 302 2819 pars
326 2755 374 2802 est
395 2746 438 2802 ita
461 2746 550 2801 111111
572 2745 701 2819 partitor
723 2746 768 2800 vel
792 2746 975 2802 distribuito.
1030 2754 1115 2802 recte
1145 2745 1223 2803 haec
1255 2763 1312 2802 nos
1335 2745 1537 2821 interpretari

231 2846 323 2902 fidem
347 2845 420 2902 sacit
442 2847 553 2902 Accius
579 2853 674 2920 poeta
698 2844 854 2901 simillimis
878 2845 976 2900 verbis
1000 2861 1073 2901 usus
1094 2863 1172 2918 quae
1196 2864 1233 2901 ex
1255 2847 1434 2920 pontificum
1456 2866 1536 2907 con-

232 2947 396 3003 suetudine
413 2946 622 3001 Romanorum
646 2946 811 3001 arcessisse
834 2946 962 3003 videtur.
1000 2954 1182 3018 persecutus
1206 2947 1339 3003 enimin
1361 2947 1458 3004 Atreo
1477 2966 1537 3007 vo·

231 3050 323 3105 tivam
347 3048 476 3104 caedem
500 3056 533 3102 ut
556 3047 665 3121 opinor
685 3047 766 3102 illam
791 3064 882 3119 quam
901 3046 1019 3102 Seneca
1037 3046 1176 3103 horrifica
1199 3048 1315 3104 luxuria
1337 3048 1480 3122 depingit
1501 3051 1537 3108 in

232 3150 385 3224 Thyeste,
410 3148 562 3221 concoquit
582 3149 679 3221 inquit
698 3154 813 3221 perlem
837 3155 944 3220 oopore
959 3147 1109 3221 flammae,
1134 3147 1241 3204 lrz'buz'i
1259 3149 1288 3204 in
1302 3148 1391 3227 socos
1411 3149 1538 3209 veribus

233 3252 344 3306 lacerto
368 3247 409 3326 (v.
428 3253 488 3307 220
511 3248 673 3305 Ribbeckii
697 3248 734 3306 cf.
751 3248 900 3305 Senecam
924 3251 983 3307 765
1007 3249 1077 3304 1111
1099 3249 1214 3308 11111111
1233 3250 1356 3306 haerent
1374 3251 1489 3307 uiscera
1510 3260 1541 3310 et

233 3352 317 3407 leniri
341 3353 409 3407 doto
431 3353 551 3408 stillant
572 3351 709 3417 11111111,
740 3351 798 3405 illo
822 3350 994 3424 flammatus
1026 3352 1111 3406 lolex
1142 3353 1279 3408 condente
1301 3352 1391 3408 aheno
1414 3352 1537 3430 iactat).

233 3455 310 3509 inter
335 3452 405 3509 beru
428 3454 516 3526 igitur
540 3461 571 3507 et
594 3471 664 3507 111111
700 3454 811 3508 eadem
842 3453 918 3508 ratio
954 3454 1129 3509 intercessit
1159 3472 1241 3527 quae
1272 3454 1352 3509 inter
1374 3452 1478 3510 benum
1502 3464 1539 3515 et

236 3552 771 3622 111111,1111101101111111111111,
804 3561 932 3627 utraque
966 3571 1023 3609 vox
1056 3554 1225 3610 dimanavit
1258 3572 1274 3609 e
1301 3573 1389 3628 goar.
1435 3574 1538 3614 verua

233 3657 318 3730 quod
343 3655 462 3729 oplem'o
487 3655 638 3721 dicuntur,
662 3655 860 3727 plenitudinis
877 3654 1058 3711 vocabulum
1074 3672 1166 3711 nemo
1183 3673 1245 3711 non
1260 3663 1418 3728 agnoscet,
1441 3674 1538 3730 prae·

231 3757 344 3832 positio
368 3774 428 3812 non
445 3756 539 3829 liquet
556 3764 656 3811 utrum
672 3773 709 3811 ea
728 3756 766 3812 sit
782 3773 862 3829 quae
877 3756 907 3811 in
932 3751 1010 3830 ἀμφ’
1028 3751 1191 3831 ὀβελοῖσιν
1215 3752 1353 3831 ἔπειραν,
1377 3758 1482 3816 similis
1502 3762 1538 3817 in

231 3854 418 3932 περίπλεως,
444 3875 483 3914 au
500 3875 578 3932 quae
595 3858 625 3912 in
642 3852 821 3931 ἀνάπλεως,
845 3868 928 3913 11111
945 3858 1090 3930 compleri
1113 3858 1251 3931 prosiciis
1267 3876 1360 3914 verua
1381 3858 1538 3922 iubentur.

234 3969 296 4016 tum
318 3959 467 4015 kremoiro
488 3958 537 4014 hic
553 3967 662 4014 neutro
678 3976 792 4031 genere
813 3958 1014 4032 appellantur,
1038 3976 1109 4014 111011
1126 3977 1151 4016 v.
1168 3961 1205 4017 26
1229 3958 1538 4037 kremotrufmascu·

233 4063 305 4131 lino,
327 4060 588 4137 quemadmodum
609 4059 709 4115 Latini
731 4068 827 4116 rastra
851 4068 971 4127 rastros
996 4059 1169 4115 calamistro
1193 4060 1391 4128 calamistros,
1413 4063 1537 4119 cande·

234 4163 317 4218 labra
339 4162 555 4228 candelabros,
580 4162 697 4235 scalpra
717 4161 867 4234 scalpros,
901 4161 961 4215 hoc
982 4168 1013 4215 et
1036 4159 1117 4216 hunc
1146 4159 1305 4215 castellum
1327 4167 1358 4214 et
1378 4158 1460 4217 hanc
1482 4179 1537 4219 ca·

232 4271 324 4320 stram
348 4263 545 4336 usurpabant.
590 4262 720 4319 fortasse
744 4271 847 4318 tamen
871 4263 971 4334 aliquo
996 4261 1171 4318 discrimine
1196 4260 1244 4316 hic
1265 4269 1408 4316 neutrum
1443 4261 1538 4320 adhi-

233 4366 336 4432 buere,
358 4365 417 4420 illic
432 4364 641 4430 masculinum,
664 4381 718 4436 pro
733 4372 766 4419 ut
781 4363 1007 4436 receptaculum
1024 4363 1121 4418 carnis
1137 4372 1190 4418 aut
1208 4379 1278 4418 caro
1301 4362 1367 4435 ipsa
1383 4370 1538 4439 artusque

234 4467 475 4524 obversabantur
491 4466 592 4522 animo
608 4466 782 4540 praecipue,
815 4483 886 4520 nam
902 4473 935 4520 ut
950 4466 1035 4538 apud
1052 4464 1188 4520 Graecos
1205 4480 1292 4519 verus
1308 4478 1420 4519 nomeu
1438 4465 1539 4526 etiam

233 4585 282 4622 res
306 4586 377 4624 veru
399 4566 474 4623 fixas
497 4567 537 4623 ad
562 4584 594 4622 se
618 4566 716 4639 rapuit
743 4575 775 4622 ct
806 4564 931 4638 Euplrro
965 4566 1086 4639 χορδῆς
1116 4560 1306 4638 ὀβελίσκους
1337 4559 1387 4623 δύ’
1419 4560 1539 4645 ὠμούς

234 4667 389 4724 coniunxit
413 4668 560 4725 audacter
581 4665 624 4742 (in
641 4667 1097 4741 101111111Μ11111111111111487
1112 4685 1138 4725 v.
1152 4661 1215 4743 33),
1240 4676 1272 4723 ut
1295 4667 1420 4723 veruina
1435 4672 1539 4729 modo
