3742 5364
709 946 1061 1078 enatrunnca

340 1223 386 1280 Ex
409 1232 474 1282 arte
500 1222 682 1282 Vmbrorum
705 1225 904 1298 grammatica
925 1243 987 1283 non
1003 1227 1086 1284 nulla
1102 1229 1257 1298 delibabo,
1279 1230 1461 1306 praeteribo
1480 1231 1551 1289 iere

240 1334 451 1383 consentanea
475 1343 543 1382 cum
566 1326 672 1384 litteris
690 1326 789 1384 latinis
807 1328 1012 1402 omnibusque
1028 1336 1104 1386 nota
1126 1329 1301 1405 quicunque
1321 1332 1549 1408 inscriptiones

239 1426 348 1484 latinas
372 1427 560 1494 evolverunt,
583 1428 762 1485 memorabo
784 1429 908 1503 propria
924 1428 1107 1486 Vmbrorum
1130 1440 1161 1487 et
1184 1448 1264 1506 quae
1287 1432 1422 1489 maxime
1447 1433 1549 1491 refert

238 1536 271 1583 ut
293 1545 333 1584 ne
355 1529 422 1602 quis
445 1528 573 1603 ignoret,
597 1531 638 1587 de
661 1530 863 1603 singularibus
886 1531 1017 1588 disserui
1039 1531 1069 1587 in
1094 1533 1288 1589 enarratione
1312 1534 1501 1594 tabularum.

338 1732 525 1791 Litteratura
548 1731 730 1789 vetustiores
753 1730 857 1788 Vmbri
880 1731 1010 1789 Etrusca
1035 1741 1168 1802 utuntur,
1203 1734 1392 1792 recentiores
1416 1734 1546 1797 Latina.

237 1835 269 1891 in
291 1842 411 1892 vetusta
435 1833 584 1909 scriptura
607 1850 665 1890 vau
689 1828 709 1892 ]
733 1843 790 1900 est,
814 1831 834 1893 8
857 1833 896 1893 el.
929 1833 1109 1892 nonhabet
1132 1853 1217 1892 suarn
1248 1843 1353 1893 notam
1374 1855 1389 1893 0
1411 1838 1545 1907 vocalis,

239 1937 296 1993 sed
319 1931 422 2011 perV
443 1935 638 2009 significatur,
668 1934 754 2007 quod
784 1936 930 2009 scriptum
953 1942 1000 1991 est
1022 1935 1131 1991 uhtreru
1153 1937 1184 1992 id
1207 1937 1440 2011 pronuntiatum
1469 1954 1546 1995 esse

240 2036 342 2092 ahieero
365 2054 402 2091 ex
426 2036 511 2091 novis
540 2034 651 2090 tabulis
675 2034 853 2108 colligimus,
897 2051 988 2109 porro
1012 2036 1103 2093 deest
1127 2055 1150 2112 g
1183 2039 1382 2096 consonantis
1405 2039 1545 2114 signum,

238 2137 378 2195 scribitur
402 2136 532 2193 lkuvina
555 2143 609 2192 aut
634 2135 763 2194 Iiuuina.
801 2136 873 2192 item
896 2137 1003 2193 deerat
1027 2138 1053 2206 d,
1088 2139 1153 2193 eius
1176 2139 1272 2195 vicem
1294 2138 1477 2213 praestabat
1501 2138 1543 2208 T,

236 2245 293 2296 teta
320 2246 367 2295 est
398 2255 452 2312 pro
484 2237 567 2292 dedlu
594 2230 711 2295 διδότω
742 2236 924 2311 efferturque
955 2254 973 2292 a
1001 2239 1221 2296 recentioribus
1254 2241 1356 2299 dr'rslu.
1401 2242 1543 2297 accessit

236 2341 317 2398 enim
341 2340 481 2396 eiusdem
502 2337 584 2394 vocis
608 2337 719 2394 vicaria
736 2337 858 2394 Vmbris
882 2335 1017 2397 litterai
1042 2357 1122 2414 quae
1139 2339 1232 2396 latine
1248 2354 1305 2415 per
1326 2359 1358 2396 rs
1381 2342 1539 2411 redditur,

237 2423 329 2517 quam
350 2458 407 2497 nos
430 2458 485 2515 per
507 2439 763 2512 aexpressimus,
787 2438 836 2495 alii
858 2457 913 2514 per
936 2438 956 2515 <l
978 2447 1030 2497 aut
1048 2430 1081 2498 r':
1117 2452 1176 2501 vet.
1198 2442 1304 2515 kapide
1333 2459 1394 2501 rec.
1418 2444 1539 2516 capirse

236 2542 339 2600 Latini
363 2542 472 2615 rapide,
502 2550 561 2600 vet.
578 2542 684 2614 pedum
712 2557 772 2597 rec.
788 2548 905 2613 perram
936 2541 1047 2599 Graeci
1070 2539 1180 2603 πέδον.
1225 2551 1356 2618 apparet
1377 2560 1457 2601 sono
1483 2544 1542 2603 ali·

236 2643 309 2718 quid
333 2643 502 2700 admixtum
525 2659 562 2697 ex
584 2660 602 2697 r
624 2640 727 2708 luisse,
750 2641 865 2717 aliquid
890 2660 927 2698 ex
944 2660 971 2700 s:
995 2661 1062 2701 raro
1087 2662 1141 2719 per
1164 2661 1257 2701 unam
1279 2664 1297 2700 r
1318 2652 1451 2712 notatur,
1476 2654 1541 2706 vet.

238 2763 336 2801 arma·
361 2760 417 2818 pro
441 2744 556 2808 arima,
591 2760 651 2799 rec.
676 2739 814 2819 arserlur
840 2761 895 2817 pro
925 2742 1071 2821 affertur,
1106 2746 1368 2819 quemadmodum
1404 2744 1542 2804 Latinos

236 2863 360 2922 quoque
384 2845 565 2902 vetustiores
588 2845 708 2901 locutos
731 2861 800 2901 esse
823 2852 929 2901 notum
952 2853 1009 2914 est,
1045 2854 1099 2903 aut
1120 2847 1201 2903 adeo
1229 2864 1284 2921 per
1306 2863 1399 2904 unam
1420 2865 1444 2915 s,
1470 2865 1542 2935 geo.

236 2952 404 3020 alrepusalu
426 2964 481 3020 pro
504 2948 678 3019 alrepudaiu
694 2939 776 3023 (Lat.
792 2943 962 3020 tripedale).
995 2963 1058 3003 non
1074 2947 1154 3004 nulla
1171 2948 1322 3005 vocabula
1346 2949 1432 3023 quod
1452 2950 1543 3008 dre·

235 3049 354 3123 cepisse
370 3065 425 3123 pro
441 3048 456 3103 l
472 3048 615 3105 videntur
631 3047 713 3103 velut
734 3046 837 3102 kaditu
860 3048 970 3104 cerritu
992 3043 1128 3108 καλείτω
1151 3049 1254 3118 calata,
1276 3049 1351 3106 satis
1374 3049 1432 3106 erit
1446 3068 1542 3125 prae·

234 3158 325 3225 cepta
346 3150 613 3223 grammaticorum
635 3149 799 3206 latinorum
822 3166 1021 3223 comparasse
1044 3151 1128 3210 talia:
1158 3151 1259 3224 adipes
1280 3168 1335 3207 nan
1359 3150 1455 3225 alipes
1479 3149 1542 3224 (IV

233 3269 263 3326 p.
288 3253 357 3319 199,
371 3253 388 3308 3
402 3247 464 3326 K..)
516 3252 546 3308 in
569 3250 680 3308 tabulis
703 3250 797 3306 latine
821 3250 953 3307 exaratis
976 3251 1240 3326 quotienscunque
1264 3252 1405 3326 relegis,
1428 3259 1541 3311 tecum

233 3360 342 3426 reputa
364 3361 463 3407 utrum
481 3350 619 3407 bifariam
637 3367 694 3406 vox
719 3350 888 3408 dividenda
911 3351 959 3418 sit,
976 3352 1154 3423 per-enimn,
1176 3369 1214 3408 an
1229 3367 1291 3408 uno
1307 3351 1429 3424 linguae
1444 3352 1541 3427 pulsu

234 3452 433 3520 exsibilanda,
450 3452 550 3524 persi
568 3469 631 3507 non
654 3450 742 3507 aliter
763 3468 856 3525 quam
872 3452 951 3524 pedi.

332 3570 370 3608 ex
392 3552 521 3609 Etrusca
544 3552 768 3610 consuetudine
784 3553 890 3609 relicta
905 3562 951 3608 est
967 3552 998 3609 in
1016 3570 1086 3609 aere
1110 3551 1175 3609 ΙΙΑ
1200 3552 1246 3608 bis
1261 3551 1357 3608 altera
1377 3570 1392 3607 s
1413 3551 1542 3613 litterae

233 3655 363 3730 species,
387 3651 420 3724 Μ
438 3663 561 3729 praeter
575 3653 601 3722 S,
627 3654 657 3710 in
672 3654 741 3710 salu
757 3662 788 3710 et
802 3654 902 3720 serz'tu,
926 3655 998 3710 item
1015 3654 1060 3710 bis
1077 3635 1107 3710 in
1129 3653 1179 3710 IB
1196 3661 1229 3710 et
1242 3652 1286 3709 IV
1304 3652 1389 3709 theta
1404 3671 1462 3728 pro
1481 3663 1540 3714 tau

232 3756 263 3813 in
275 3755 400 3837 sursall·
421 3765 452 3814 et
467 3758 649 3830 purtuuz'llu.
682 3756 915 3831 communisque
936 3772 1005 3812 cum
1027 3755 1164 3812 Etruscis
1188 3755 1218 3810 in
1234 3772 1305 3811 aere
1323 3752 1351 3810 V
1371 3754 1498 3813 brevior
1512 3776 1541 3815 m

233 3859 353 3915 litterae
380 3867 454 3916 nota
477 3858 515 3926 Λ,
537 3876 629 3934 quam
656 3859 790 3916 eandem
822 3857 940 3912 Romae
968 3855 1092 3912 Verrius
1121 3856 1249 3913 Flaccus
1278 3856 1370 3914 scribi
1392 3856 1485 3915 iussit
1506 3859 1540 3917 in

232 3959 421 4035 synaloephe
444 3960 494 4016 ubi
511 3979 537 4017 m
560 3978 623 4018 non
639 3961 759 4035 integra
775 3958 962 4033 proferretur
977 3951 1094 4032 (Velius
1107 3959 1147 4014 de
1160 3957 1295 4033 orthogr.
1307 3976 1337 4032 p.
1350 3958 1400 4025 80,
1416 3959 1454 4017 19
1469 3957 1539 4036 K).

331 4069 483 4119 novarunt
505 4059 611 4118 Vmbri
635 4061 767 4117 litteram
790 4059 870 4117 hanc
892 4059 916 4133 d
943 4076 1004 4132 qua
1026 4058 1222 4132 signarentk
1251 4058 1392 4115 maritam
1415 4059 1539 4119 vocalis
1572 4128 1580 4149 θ

231 4162 376 4220 mollioris
400 4181 413 4218 e
435 4163 481 4220 vel
504 4164 518 4218 i
536 4171 590 4220 aut
604 4179 704 4237 paene
715 4161 829 4218 vocalis
844 4152 1063 4234 liquidissimae
1079 4159 1279 4216 consonantis
1303 4159 1317 4214 l
1336 4175 1438 4234 eoque
1458 4176 1539 4219 con·

230 4265 313 4338 iugio
337 4264 497 4321 subactam
518 4271 551 4320 ut
567 4262 694 4320 stridula
710 4263 788 4318 inter
804 4261 913 4317 dentes
937 4261 1092 4319 evaderet.
1126 4260 1192 4317 eius
1214 4260 1282 4317 loco
1305 4259 1496 4319 recentiores
1515 4260 1544 4321 S

231 4365 390 4434 adhibent,
416 4365 595 4439 saepissime
618 4373 721 4421 tamen
740 4362 859 4437 apicem
882 4362 963 4418 illum
984 4380 999 4417 s
1020 4370 1115 4418 notae
1138 4361 1297 4436 imponere
1319 4362 1540 4434 neglexerunt,

230 4467 303 4524 item
325 4451 410 4523 nosl
431 4465 632 4532 exhibuimus
657 4484 672 4532 c
693 4471 914 4539 praeoptarunt
937 4463 995 4523 alii.
1026 4463 1189 4535 prurekatu
1205 4463 1263 4519 sed
1275 4448 1424 4534 pruseiia,
1448 4466 1541 4522 vesti·

230 4567 299 4624 kata
334 4587 395 4625 rec.
420 4567 539 4623 vestr'ces
560 4567 617 4622 sed
640 4551 756 4622 vestilia
779 4573 831 4622 aut
854 4555 984 4621 cestriam
1007 4581 1067 4624 rec.
1092 4564 1220 4629 vesle‘sia,
1249 4580 1268 4619 a
1290 4561 1427 4618 dicendo
1449 4544 1540 4625 teiln.
