3742 5364
238 351 312 411 vra
724 315 729 325 ’
874 355 914 411 30

238 540 273 595 et
294 553 380 614 pure
403 553 510 596 esune
533 533 589 595 sis
614 533 743 596 sakreu
760 532 764 614 l
784 553 861 614 per·
885 547 946 596 vet
982 537 1034 611 qui
1069 538 1101 594 in
1138 538 1241 595 divino
1280 540 1349 596 sint.
1407 536 1540 620 hostias}

236 633 351 697 akneu
366 643 482 715 upetu‚
504 645 654 709 revestu‚
681 641 775 716 pude
791 641 862 697 ted·
915 639 1063 713 agonales
1086 648 1204 714 optato,
1228 639 1352 697 revisito
1375 658 1437 715 quo
1459 644 1537 700 dan·

238 849 336 899 vocet.
382 841 526 898 fratribus
548 850 580 899 et
602 843 742 898 ezlloosese
763 860 877 899 nomen
909 843 993 900 idem
1016 851 1064 899 est
1087 842 1217 898 Atiediis
1241 843 1285 899 sic
1308 851 1342 900 ut
1363 844 1483 901 Romae
1506 853 1538 901 et

240 942 368 999 Athenis
391 943 556 1018 gentilibus
580 951 612 1000 et
633 943 761 1018 paganis
788 943 984 1001 tribulibusve
1007 943 1132 1001 nomina
1156 944 1268 1000 eadem
1293 943 1403 1019 Cispiis
1425 946 1537 1004 Lemo·

238 1042 295 1099 niis
318 1050 350 1099 et
371 1041 511 1102 Butadis
575 1032 578 1038 ⁴

337 1162 424 1202 versu
448 1147 466 1203 6
490 1163 574 1200 etune
595 1163 709 1218 genere
732 1153 841 1201 neutro
865 1162 939 1201 casu
962 1143 1081 1201 dativo:
1115 1143 1159 1199 rei
1182 1143 1304 1201 divinae
1326 1145 1459 1203 idoneos
1481 1147 1537 1204 ho-

236 1245 344 1304 miues
388 1247 416 1302 in
435 1254 556 1303 vetusta
569 1246 741 1303 devotionis
766 1246 895 1303 formula
918 1264 1009 1319 neque
1029 1263 1112 1300 suum
1134 1264 1224 1318 neque
1239 1245 1388 1319 publicum
1405 1248 1537 1305 dz'vt'num

230 1355 308 1420 pure
320 1346 419 1426 saciet
437 1348 539 1404 Livius
563 1347 634 1404 VIII
658 1350 706 1415 10,
732 1349 779 1406 13.

337 1466 426 1505 versu
450 1453 467 1508 7
490 1449 598 1505 hostias
620 1450 762 1524 agonales
785 1450 830 1505 vel
854 1447 1046 1516 sacrificales
1083 1448 1216 1505 umbrico
1244 1449 1351 1505 sakreu
1376 1451 1537 1522 perukneu.

237 1549 310 1605 illud
334 1549 427 1624 paulo
454 1550 545 1607 latius
578 1558 664 1627 patet
687 1568 778 1625 quam
800 1550 905 1615 hostria,
935 1549 995 1607 hoc
1018 1551 1223 1624 compositum
1246 1559 1353 1608 estex
1370 1560 1428 1624 per
1448 1569 1537 1625 prae·

238 1651 393 1725 positione
409 1660 440 1707 et
463 1669 500 1708 eo
523 1653 647 1709 nomine
659 1653 743 1728 quod
767 1652 845 1709 infra
867 1651 1039 1708 identidem
1061 1651 1170 1725 legitur
1185 1671 1272 1718 acnu,
1297 1669 1334 1708 ex
1358 1671 1419 1727 quo
1443 1654 1537 1711 etlam

236 1752 359 1808 sevaknz'
378 1752 493 1810 lactum
520 1753 554 1809 id
576 1762 622 1810 est
646 1753 803 1810 sollemne.
848 1754 931 1810 idem
949 1753 1132 1809 vocabulum
1147 1752 1236 1811 OsciS
1260 1752 1316 1810 fuit
1339 1754 1429 1809 alieno
1450 1756 1537 1828 quod
1580 1752 1584 1760 '

237 1853 287 1909 lex
311 1854 415 1928 templi
438 1853 555 1912 Cereris
575 1855 679 1913 habet.
723 1872 884 1929 perperam
908 1855 1099 1929 interpretati
1123 1862 1195 1911 sunt
1218 1872 1346 1912 annum:
1372 1872 1444 1911 nam
1467 1873 1537 1912 cum

237 1953 384 2029 scriptum
406 1954 447 2011 ibi
469 1955 508 2012 sit
524 1954 624 2012 alttrel
638 1957 806 2028 palereipid
825 1956 934 2021 akenei,
957 1956 1103 2029 quoniam
1125 1957 1202 2011 alter
1217 1961 1337 2028 uterque
1358 1973 1420 2011 non
1431 1963 1537 2030 potest

238 2054 377 2111 adhiberi
409 2056 467 2114 nisi
490 2057 541 2113 ubi
565 2058 628 2114 duo
652 2065 724 2113 sunt
746 2074 783 2113 ac
813 2074 876 2113 non
910 2056 1021 2131 plures,
1059 2056 1130 2113 anni
1158 2056 1316 2112 notionem
1340 2064 1468 2131 apparet
1489 2074 1537 2112 re-

239 2156 440 2214 motissimam
460 2175 529 2214 esse
552 2159 591 2214 ab
607 2158 708 2223 akeno,
731 2158 843 2215 rectius
866 2157 1051 2214 intellexeris
1074 2165 1184 2214 statam
1207 2158 1346 2213 binarum
1369 2157 1535 2214 hostiarum

240 2256 489 2327 immolationem,
513 2276 641 2333 quarum
663 2258 760 2316 altera
783 2266 851 2315 utra
872 2259 903 2314 in
926 2276 978 2316 ara
999 2258 1132 2314 maxima
1154 2257 1225 2330 igne
1247 2259 1417 2326 adoleatur,
1441 2257 1479 2316 cf.
1496 2259 1537 2315 de
1600 2275 1604 2286 ·

242 2375 370 2415 numero
391 2359 559 2416 hostIarum
582 2361 700 2418 binario
723 2345 804 2435 quae
815 2361 982 2417 Henzenus
1005 2359 1165 2416 adnotavit
1188 2361 1321 2416 adacta
1344 2359 1468 2416 fratrum
1483 2358 1537 2416 Ar·

239 2458 351 2515 valium
366 2478 395 2534 p.
410 2463 478 2520 148.
522 2470 629 2518 notum
645 2472 693 2519 est
717 2462 897 2537 apparitoris
921 2461 1104 2518 sciscitantis
1124 2461 1255 2518 caedine
1273 2461 1425 2518 victimam
1447 2479 1538 2534 opor-

239 2568 303 2616 teat
325 2561 449 2617 verbum
473 2563 590 2637 agone?
633 2564 704 2620 hine
726 2564 839 2638 agonia
861 2563 1002 2638 agonalia
1026 2579 1209 2637 agonenses,
1242 2567 1310 2619 cuni
1334 2571 1420 2619 vetus
1445 2580 1537 2619 voea-

237 2661 341 2717 bulum
356 2663 446 2720 certis
460 2664 570 2721 diebus
592 2665 836 2738 sacerdotiisque
858 2664 1046 2722 remanserit.
1079 2663 1150 2721 hInc
1173 2663 1263 2719 akeno
1275 2659 1370 2720 Oscis
1380 2662 1430 2736 qui
1443 2663 1536 2718 etiam

238 2781 320 2818 acum
343 2765 550 2835 enuntiarunt,
573 2783 637 2823 non
659 2783 729 2822 cum
741 2765 859 2822 Latinis
881 2783 979 2839 agam,
1002 2772 1035 2820 et
1046 2764 1167 2821 Vmbris
1189 2764 1278 2822 aknu.
1301 2771 1334 2819 at
1345 2763 1450 2820 Sabini
1466 2781 1535 2820 cum

236 2864 353 2922 Latinis
377 2867 475 2940 agina.

337 2974 421 3040 upetu
453 2968 546 3024 latiae
569 2968 656 3042 quasi
687 2968 762 3041 opilo
794 2967 878 3023 unde
901 2967 1058 3024 declinata
1079 2968 1153 3041 optio
1176 2971 1303 3040 autumus
1326 2971 1433 3039 optare.
1476 2963 1538 3021 hoe

236 3067 330 3123 verbo
351 3069 473 3144 proprie
493 3069 680 3143 significatur
695 3069 816 3136 electi0‚
839 3077 873 3125 ut
895 3068 925 3124 in
948 3068 997 3126 illo
1013 3069 1175 3142 optavitque
1197 3068 1289 3123 locum
1311 3067 1399 3124 teclzs.
1423 3067 1535 3122 eodem

237 3169 268 3225 in
295 3170 388 3226 sacrIs
412 3170 562 3227 vocabulo
585 3170 718 3226 Romani
753 3169 917 3226 utebantur
943 3177 1024 3226 teste
1046 3169 1141 3225 Festo
1165 3172 1288 3241 optatam
1310 3165 1442 3231 bostrom,
1477 3167 1539 3222 alii

235 3271 366 3343 oplz'rnam
392 3272 551 3346 appellant,
585 3289 646 3327 earn
668 3289 754 3345 quum
787 3271 889 3327 aedilis
920 3269 1014 3326 tribus
1035 3270 1194 3326 constitutis
1225 3267 1322 3324 hosat:
1345 3272 1423 3341 opta!
1447 3285 1535 3340 quom

237 3372 387 3428 zinmolarz'
414 3374 491 3431 velit.
541 3371 648 3430 Cicero
684 3372 791 3428 maluit
824 3371 957 3428 scribere
990 3371 1022 3426 in
1051 3369 1150 3426 hostizi
1179 3368 1337 3441 dilzgendzi
1369 3368 1409 3423 de
1440 3367 1533 3428 divin.

235 3472 266 3530 II
280 3474 319 3531 35
332 3490 354 3529 s
380 3468 535 3531 ‘admovet
547 3473 606 3530 aris
620 3474 707 3528 electa
720 3473 837 3530 cervice
852 3465 976 3529 marem’
988 3472 1141 3538 Lucanus,
1164 3467 1271 3525 consul
1287 3468 1403 3525 hostias
1413 3467 1532 3541 probat.

330 3577 410 3646 purte
425 3577 495 3630 redte
509 3576 551 3631 ad
562 3574 677 3631 litteras
693 3575 784 3648 quode
800 3575 876 3650 dau:
898 3581 930 3630 et
945 3574 1037 3646 quode
1052 3572 1199 3628 ablativus
1223 3578 1271 3626 est
1287 3577 1447 3625 concretus
1470 3588 1533 3627 non

237 3689 274 3728 ex
297 3676 404 3747 quod-e
424 3684 458 3732 ut
480 3675 593 3734 nomin.
617 3675 692 3748 sing.
709 3683 780 3747 po=e
802 3669 838 3734 ὅ(
860 3676 923 3748 qui,
957 3691 1059 3748 neque
1083 3672 1164 3728 enim
1191 3671 1223 3727 in
1246 3672 1267 3726 d
1287 3671 1427 3727 exeuntiS
1450 3671 1535 3726 abla-

235 3774 288 3831 tivi
321 3776 467 3833 remansit
486 3776 657 3851 vestIgium,
692 3776 749 3833 sed
773 3794 809 3832 ex
834 3777 939 3850 quo-de
972 3784 1006 3832 ut
1038 3791 1120 3830 nom.
1144 3773 1221 3846 siug.
1238 3781 1341 3846 po-rse
1362 3766 1460 3846 iletrep
1483 3773 1539 3845 qui

236 3876 357 3949 quidem,
380 3885 412 3932 et
434 3879 504 3932 redte
527 3878 591 3932 date
611 3877 721 3934 extrita
742 3876 839 3934 nasali
861 3894 916 3950 pro
934 3877 1028 3943 dante,
1051 3882 1084 3931 ut
1106 3875 1137 3931 in
1159 3872 1253 3931 titulis
1271 3874 1404 3949 antiquis
1429 3872 1535 3930 lubeles

237 3983 331 4051 atque
350 3977 442 4034 etiam
465 3978 624 4036 obscurius
647 3979 678 4035 in
692 3977 826 4036 Marsico
840 3976 941 4036 CIL.I
960 3979 1017 4037 183
1041 3976 1115 4045 lube,
1138 3985 1172 4033 ut
1194 3977 1225 4032 in
1248 3975 1409 4032 theodisca
1431 3976 1536 4050 lingua

237 4077 288 4132 der
301 4078 412 4150 spz'lden
434 4097 554 4137 sannen.
599 4075 656 4139 δό(
679 4076 731 4138 καὶ
753 4075 840 4154 λαβέ,
865 4079 936 4134 dare
952 4085 978 4134 et
997 4079 1126 4152 occinere
1142 4096 1253 4135 venere
1277 4079 1309 4134 in
1330 4077 1534 4152 proverbium,

237 4195 339 4234 emere
360 4179 478 4253 antiqui
502 4179 649 4237 dicebant
671 4198 725 4254 pro
749 4181 889 4254 accipere
912 4176 1038 4254 (Paulus
1061 4179 1094 4238 F.
1116 4179 1147 4235 in
1170 4177 1312 4253 abamita),
1341 4178 1421 4235 bene
1444 4178 1535 4251 igitur

237 4287 350 4334 coeunt
372 4280 507 4337 umbrica
530 4283 622 4336 redum
645 4289 676 4336 et
699 4300 797 4339 emam.
842 4297 945 4336 verum
972 4282 1057 4354 quod
1090 4280 1227 4355 sequitur
1249 4299 1301 4336 eru
1331 4299 1400 4338 cum
1423 4279 1535 4353 signifi-

237 4397 307 4436 care
330 4380 422 4437 etiam
444 4381 503 4437 alia
532 4369 640 4455 possit,
675 4382 746 4455 quia
768 4381 922 4438 sententia
944 4380 1021 4438 haec
1044 4399 1103 4438 nec
1125 4400 1180 4437 esse
1204 4399 1263 4438 nec
1285 4398 1398 4437 nomen
1420 4399 1535 4437 novum

237 4480 358 4549 tolerat,
380 4481 495 4556 placuit
518 4483 560 4538 ad
582 4500 753 4556 pronomen
773 4483 1048 4540 demonstrativum
1070 4482 1174 4540 referri
1198 4483 1284 4539 cuius
1306 4482 1441 4555 genetivi
1463 4491 1535 4539 sunt

240 4580 316 4657 sing.
332 4600 426 4643 masc.
441 4602 506 4639 erer
529 4582 599 4640 fem.
624 4602 702 4649 erar,
726 4602 745 4640 a
767 4602 829 4659 quo
846 4582 1020 4660 analogiam
1036 4583 1234 4658 sequentibus
1256 4590 1397 4638 neutrum
1419 4584 1536 4659 plurale

238 4682 332 4738 oritur
354 4702 415 4741 eru.
