3742 5364
712 361 750 418 79
1163 359 1276 420 vurta
1292 362 1375 423 1r33

74 542 122 609 ife
142 544 337 618 lendendu,
351 543 499 623 pelsatu.
525 559 625 604 enom
640 560 699 620 pe·
716 563 741 601 ru
755 545 795 601 ibi
821 541 1012 619 limponito,
1035 545 1164 619 pelsato.
1209 556 1273 605 tum
1309 567 1377 623 per·

74 646 205 706 sondro
243 642 382 706 staflare
420 661 590 722 persome,
632 661 700 720 pue
752 654 890 701 sontrum
919 646 1104 702 stabularent
1134 647 1164 702 in
1187 646 1302 706 fossam
1325 650 1376 706 ubi

73 744 192 825 pesnis
207 743 271 818 fus,
292 742 341 829 ife
357 744 528 826 endendu,
552 742 699 822 pelsatu.
752 755 895 819 precatus
919 747 975 802 erit
997 747 1038 802 ibi
1061 747 1221 820 imponito,
1245 748 1374 822 pelsat0.

74 865 179 908 enom
210 865 296 907 vaso
328 863 434 923 porse
470 842 699 922 pesondriseo
752 855 817 903 tum
860 864 934 903 vasa
983 837 1062 921 quae
1106 849 1147 904 ad
1200 859 1376 922 persoutros
1415 914 1416 918 Ἰ

73 947 197 1019 hobus,
228 945 233 1026 l
264 963 359 1006 serse
396 946 501 1005 subra
537 944 697 1023 spahatu.
752 947 901 1016 habuerit,
922 949 925 1019 l
946 951 1059 1005 sedens
1080 1008 1082 1012 ,
1104 949 1277 1024 supericito.
1332 951 1377 1006 in·

75 1050 291 1109 andervomu
323 1045 458 1117 sersitu‚
489 1045 611 1123 arnipo
643 1065 700 1106 co·
752 1057 798 1104 ter
821 1066 913 1122 rogos
929 1051 1050 1113 sedato,
1073 1051 1218 1106 donicum
1241 1045 1377 1108 commo·

75 1149 179 1211 matir
200 1148 318 1230 pesnis
341 1147 419 1208 fust.
463 1165 559 1208 serse
583 1145 700 1224 pisher
753 1150 811 1206 litis
834 1159 977 1224 precatus
1000 1152 1065 1209 erit.
1110 1153 1377 1227 sedensquilubet

177 1360 218 1416 40
243 1367 441 1430 porsennam
470 1356 597 1412 formam
632 1356 692 1411 iam
721 1355 822 1411 vidisti
852 1364 900 1411 sat
929 1355 1039 1412 multos
1067 1356 1231 1430 complecti
1260 1374 1374 1431 prouo-
1399 1409 1401 1413 .

76 1461 167 1516 minis
189 1476 287 1516 casus
332 1457 483 1514 hocloco
512 1459 604 1530 prr-de
634 1456 727 1512 refert
759 1458 893 1513 obtunsa
923 1458 1020 1513 vocali
1053 1458 1193 1532 valetque
1226 1459 1257 1514 id
1292 1462 1377 1533 quod

77 1556 160 1635 ἅπερ
184 1561 278 1633 qua-i,
303 1560 443 1615 nonalia
467 1576 558 1631 quam
582 1568 654 1615 ante
681 1559 780 1614 dictas
805 1560 940 1632 capides,

178 1665 215 1720 41
252 1663 438 1719 anderuomu.
485 1660 545 1716 hoc
567 1677 628 1715 uno
653 1661 720 1716 loco
744 1660 820 1715 inim
841 1660 1029 1733 praepositio
1065 1661 1109 1717 sic
1141 1661 1243 1734 posita
1270 1669 1318 1718 est
1342 1670 1376 1719 ut

80 1765 174 1820 ducat
196 1763 327 1819 nominis
350 1762 549 1821 declinatum:
583 1762 837 1835 interpunctionis
861 1761 1000 1830 defectu,
1025 1772 1190 1836 postquam
1213 1764 1378 1837 ancipitem

78 1866 110 1920 in
133 1865 192 1920 hoc
213 1882 325 1939 genere
348 1865 529 1937 scripturam
551 1873 750 1920 monumenta
774 1864 868 1920 latina
891 1864 1079 1937 patefecere,
1103 1865 1163 1920 iarn
1178 1882 1270 1920 nemo
1295 1865 1377 1921 solli·

79 1967 229 2024 citabitur.
272 1982 309 2021 ac
332 1963 456 2040 figuram
478 1982 592 2020 nomen
609 1983 679 2022 cum
695 1983 763 2020 eam
786 1965 899 2020 habeat
922 1982 982 2039 qua
1006 1984 1117 2022 arsmor
1137 1965 1253 2033 stohmo,
1278 1965 1376 2021 fumus

79 2084 190 2134 ramuS,
216 2063 329 2140 hecub<
350 2062 449 2139 χυμό(
483 2066 554 2122 facti
578 2075 657 2135 sunt,
693 2076 744 2122 aut
768 2066 968 2122 multitudinis
1002 2085 1091 2124 casus
1122 2074 1246 2140 quartus
1276 2074 1377 2122 estut

72 2169 156 2240 posti
186 2186 270 2232 crau,
303 2176 354 2222 aut
385 2176 489 2223 sextus
525 2167 685 2240 singularis
720 2169 982 2240 quemadmodum
1019 2167 1159 2223 Abellani
1192 2167 1378 2241 scripserunt

80 2273 166 2323 anler
187 2268 333 2323 lerenmrirs
366 2265 454 2340 (zizler
477 2268 669 2339 terminibus),
702 2269 861 2336 neeenim
884 2269 1042 2340 adsentior
1075 2269 1220 2343 equidem
1252 2270 1377 2325 eruditis

80 2370 252 2426 hominibus
275 2370 326 2442 qui
349 2372 495 2424 terenmiss
526 2387 579 2443 pro
609 2370 794 2436 accusative,
811 2357 960 2447 'orrasriss
989 2387 1044 2443 pro
1076 2371 1180 2426 dativo
1209 2371 1378 2448 venditant,
1451 2400 1452 2403 ¹

81 2471 274 2543 Romanique
297 2470 476 2542 copularunt
498 2470 607 2525 mirrea
631 2471 697 2537 loci,
719 2470 751 2525 in
775 2469 930 2526 Britannia
952 2471 1148 2527 semibarbari
1172 2472 1249 2527 inter
1270 2471 1376 2545 quibus

80 2570 148 2627 ClL
182 2569 240 2625 Vll
254 2572 322 2628 140.
366 2570 567 2626 multitudinis
596 2587 700 2626 casum
725 2571 797 2626 ideo
820 2571 1039 2645 praeferemus,
1068 2573 1151 2644 quod
1180 2591 1247 2629 cum
1271 2576 1378 2630 dextra

80 2682 112 2728 et
136 2672 255 2728 sinistra
277 2672 388 2727 flamen
411 2689 476 2727 rem
506 2672 641 2726 divinam
670 2670 791 2738 fecerit,
825 2673 999 2744 bipertitam
1028 2673 1086 2728 loci
1120 2675 1270 2730 rationem
1303 2675 1379 2730 ahter

81 2791 138 2829 sua
160 2782 269 2846 sponte
294 2774 497 2846 consequitur.
543 2790 634 2846 rogos
659 2773 748 2845 igitur
772 2773 916 2847 intellego
940 2773 1047 2846 quibus
1074 2775 1259 2830 succidanea
1284 2775 1379 2831 defla-

80 2882 170 2949 grant
194 2882 377 2947 etymouque
402 2875 521 2947 requiro
546 2875 660 2930 ustrino
684 2882 715 2929 et
738 2869 859 2952 εὕστρᾳ
883 2892 1015 2948 compar.

184 2975 278 3046 quim'r
299 2976 457 3042 commolita,
492 2992 530 3029 ne
553 2975 666 3031 flamen
696 2986 863 3050 expectans
887 2977 959 3031 dum
993 2976 1024 3030 in
1053 2977 1186 3032 cinerem
1216 2995 1303 3035 sacra
1327 2979 1381 3033 de·

83 3077 168 3150 lapsa
192 3078 251 3132 sint
285 3095 497 3133 consummare
532 3080 740 3151 expiationem
777 3081 853 3134 arcis
888 3079 1092 3152 prohibeatur.
1141 3099 1212 3136 uam
1236 3089 1381 3154 tauquam

83 3177 218 3235 cumulus
241 3181 373 3252 peractis
397 3181 509 3236 circum
532 3197 633 3236 muros
654 3182 748 3236 sacris
771 3182 890 3236 iuvenci
913 3182 958 3236 his
979 3183 1056 3237 terni
1079 3182 1232 3238 accedunt
1254 3182 1286 3237 iu
1303 3181 1380 3254 ipsa,

83 3281 202 3354 opinor,
229 3298 299 3336 arce
322 3281 500 3337 immolandi
524 3283 607 3355 apud
631 3283 726 3337 aedes
750 3282 865 3338 loviam
888 3291 919 3337 et
941 3281 1074 3352 Coredii,
1099 3284 1183 3356 quod
1199 3281 1381 3338 Vmbrorum

83 3401 198 3438 numen
219 3381 368 3438 lunonem
391 3381 531 3461 Curritim
554 3383 765 3439 Romanorum
788 3383 953 3440 adsimulat
975 3401 1104 3458 cumque
1127 3384 1244 3440 lunone
1261 3383 1382 3439 Sororia

84 3501 177 3558 quem
201 3485 423 3540 venerabantur
438 3484 546 3539 Ianum
563 3483 737 3542 Curiatium.
783 3485 927 3557 quoniam
946 3483 1023 3540 haec
1047 3502 1133 3541 sacra
1156 3503 1218 3540 non
1241 3503 1296 3558 pro
1312 3502 1382 3540 arce

84 3595 116 3642 et
138 3588 211 3642 urbe
234 3585 309 3642 fiunt
331 3594 363 3641 ut
387 3588 552 3660 superiora,
586 3588 644 3642 sed
667 3604 721 3660 pro
743 3586 857 3660 populo
881 3595 913 3642 et
937 3588 1020 3664 urbe,
1055 3587 1164 3642 civium
1186 3604 1242 3642 usu
1264 3604 1300 3642 ac
1323 3585 1382 3642 sre-

83 3689 209 3760 quentia
231 3688 261 3742 in
283 3688 384 3760 primis
408 3705 477 3744 esse
502 3688 656 3744 celebrata
680 3707 716 3744 ea
744 3689 811 3745 loca
834 3704 965 3760 auguror
979 3687 1060 3743 velut
1076 3687 1274 3744 Atheniensis
1301 3689 1379 3744 arcis

85 3787 292 3844 Erechtheum
316 3797 347 3844 et
369 3788 573 3851 Partheuona.
600 3789 719 3846 Romae
743 3788 993 3862 Iovis-templum
1016 3790 1046 3844 in
1070 3787 1222 3863 Capitolio
1247 3789 1292 3845 vel
1311 3787 1385 3860 Qui·

84 3889 142 3945 rini
164 3889 196 3943 in
219 3889 307 3947 colle.
351 3890 445 3944 aedem
471 3891 495 3945 si
519 3889 632 3946 factam
656 3909 692 3946 ex
716 3909 782 3947 occu
801 3890 927 3955 mirariS,
952 3890 1089 3946 extitisse
1112 3908 1174 3946 non
1198 3889 1298 3946 solum
1321 3908 1384 3946 am-

84 3991 235 4064 plissimas
260 3992 355 4047 aedes
379 4000 410 4046 et
433 3993 670 4066 spatiosissimas
694 3999 848 4047 memento
872 3992 929 4046 sed
953 3992 1045 4046 etiam
1075 3990 1230 4047 aediculas
1252 3991 1383 4047 maxime

85 4091 211 4163 exiguas
237 4107 314 4164 quae
337 4100 466 4166 possent
491 4093 537 4147 vel
561 4083 696 4149 armariis
720 4093 841 4150 includi.
888 4091 988 4147 locum
1024 4100 1138 4148 tectum
1170 4092 1273 4146 dicere
1305 4091 1383 4147 volui

85 4202 150 4249 tam
171 4191 333 4267 profanum
354 4211 445 4266 quam
469 4212 588 4250 sacrum
614 4212 674 4266 quo
698 4195 776 4266 iguis
807 4193 924 4259 colitur,
956 4212 1015 4250 uec
1045 4210 1182 4268 repugno
1214 4193 1306 4265 siquis
1335 4192 1381 4247 di-

86 4295 224 4350 stinctius
255 4296 435 4352 vocabulum
460 4297 643 4351 desiderans
676 4295 722 4350 vel
756 4296 832 4351 atria
855 4294 971 4350 Vestae
995 4293 1129 4368 Cacique
1164 4292 1246 4347 volet
1273 4291 1383 4347 imitari

87 4396 133 4451 vel
155 4391 293 4470 ἐεχάρᾱν
316 4393 410 4470 Διόε,
446 4415 550 4453 verum
573 4404 677 4451 tamen
701 4391 790 4455 οἶκον
814 4397 930 4452 veicum
965 4396 1140 4470 negaverim
1167 4402 1219 4449 aut
1246 4401 1308 4449 tam
1330 4410 1385 4450 an-

85 4504 175 4572 guste
198 4498 455 4571 circumscriptum
478 4515 546 4553 esse
570 4505 623 4554 aut
646 4506 709 4553 tam
732 4507 871 4553 sanctum
892 4500 1057 4575 quicquam
1086 4496 1200 4569 spirare
1223 4510 1313 4568 quam
1333 4512 1388 4550 vu-

86 4599 153 4654 kum
174 4600 205 4655 in
228 4617 299 4655 aere
319 4598 375 4657 HI.
419 4599 558 4671 profecto
582 4598 682 4665 focus,
714 4599 739 4653 si
771 4599 830 4654 va
858 4600 923 4656 eius
949 4600 1083 4673 priscam
1114 4606 1239 4670 reputas
1268 4593 1394 4666 qualem

87 4701 204 4774 agellus
228 4701 355 4773 quinque
366 4698 451 4776 socr's
471 4699 620 4755 habitatus
641 4707 776 4771 notaque
799 4702 912 4776 adagia
932 4690 1083 4772 reddurft,
1106 4707 1178 4757 tam
1197 4710 1290 4774 prope
1306 4693 1402 4754 abest
