3742 5364
706 363 765 426 113
1102 361 1285 424 VH143=
1299 358 1382 425 mat

75 549 220 627 dirsust,
242 559 365 633 postro
388 546 589 612 combifiatu
611 546 703 608 rubi·
754 551 848 616 derit,
901 557 999 631 retro,
1024 550 1173 608 mandato
1222 551 1253 606 in
1301 540 1381 608 rubi·

73 672 191 727 name,
215 673 294 716 erus
313 651 318 733 Ι
339 652 449 713 dersa.
480 667 579 710 enem
603 647 704 709 traha
753 651 845 719 niam,
869 668 939 708 erus
959 649 963 721 l
983 652 1047 710 det.
1093 661 1157 708 tum
1185 659 1268 708 trans
1293 667 1382 708 sanc-

76 754 241 816 sahatam
263 749 471 822 combifiatu‚
495 767 574 811 erus
591 748 703 811 dersa.
754 761 817 809 tam
860 752 1018 820 mandato,
1068 769 1137 808 erus
1181 753 1244 808 det.
1314 760 1380 808 tum

76 872 182 916 errem
203 851 383 914 rubiname
404 858 528 931 postro
548 858 703 920 covertU‚
754 854 784 908 in
806 853 956 909 rubiniam
988 861 1068 910 retro
1103 855 1259 918 revertito,
1297 871 1380 910 com·

75 955 243 1027 comoltu‚
278 953 424 1015 comatir
446 949 621 1030 persnimu
649 949 704 1021 etl
719 953 875 1019 amolita,
912 954 1092 1010 commolitis
1126 955 1304 1027 precamina
1327 952 1382 1024 etl

75 1054 178 1136 capis
206 1073 306 1116 sacra
339 1052 418 1115 aitu.
468 1071 569 1113 enom
603 1050 704 1112 traha
756 1054 884 1127 capides
916 1071 1019 1111 sacras
1052 1055 1145 1128 agito.
1197 1063 1261 1111 tum
1296 1064 1380 1113 trans

75 1158 240 1217 sabatam
264 1162 417 1227 covertU,
450 1151 612 1223 comoltU‚
649 1170 703 1212 co·
756 1165 895 1212 sanctam
910 1156 1062 1224 revertito,
1086 1155 1273 1224 commolito,
1297 1173 1381 1212 com·

74 1255 182 1318 matir
203 1254 425 1336 persnihimu.
464 1272 564 1314 enom
586 1250 703 1332 purdi·
755 1256 868 1313 molitis
907 1257 1094 1331 precamina.
1159 1265 1223 1312 tum
1256 1275 1379 1331 porrec-

76 1367 155 1420 tom
177 1357 256 1422 fust.
276 1355 280 1438 Ι
756 1358 907 1417 tumerit.
928 1354 932 1433 Ι

123 1458 299 1533 Postertio
314 1477 406 1538 pane
421 1456 530 1536 poplo
547 1452 700 1516 andirsa-
797 1457 973 1532 Postquam
984 1461 1105 1517 tertium
1116 1461 1380 1535 populumlustra·

74 1560 160 1633 fust,
189 1579 298 1641 'porse
320 1578 427 1639 perca
450 1555 616 1617 arsmatia
643 1554 701 1615 ha·-
754 1560 838 1627 verit,
868 1562 918 1634 qui
944 1561 1058 1634 virgam
1080 1561 1306 1634 imperatoriam
1328 1563 1379 1619 ha-

73 1661 172 1722 biest
199 1668 233 1720 et
265 1657 444 1738 prinvatur
475 1655 539 1717 dur
572 1653 701 1717 tefruto
754 1660 838 1717 bebit
875 1670 907 1717 et
944 1662 1094 1740 prinovati
1127 1662 1190 1717 duo
1224 1681 1261 1718 ex
1302 1681 1378 1739 rogo

75 1871 112 1925 in
136 1865 225 1924 Oscis
249 1864 373 1921 Kaliazs
395 1866 435 1922 ad
453 1863 595 1938 Pompties
617 1864 654 1923 al.
681 1867 721 1921 de
745 1865 917 1939 significatu
940 1874 1043 1923 autem
1064 1884 1104 1922 ne
1128 1866 1250 1934 fallaris,
1273 1886 1380 1926 uume-

77 1977 186 2025 rantur
206 1968 237 2022 in
260 1967 357 2023 altera
379 1974 466 2040 parte
490 1974 612 2023 statuae
636 1967 676 2023 ad
699 1961 778 2040 quas'
796 1985 845 2023 res
869 1968 971 2028 divina
994 1967 1055 2035 fiat,
1081 1969 1109 2023 in
1128 1969 1233 2024 altera·
1247 1987 1320 2027 arae
1337 1972 1379 2027 ad

77 2071 186 2128 fanum
209 2067 328 2125 Cereris
345 2069 543 2148 pertinentes
568 2068 740 2124 cuiusmodi
756 2069 873 2124 indices
892 2069 937 2125 vel
954 2070 1094 2144 synopsis
1117 2070 1148 2125 in
1163 2071 1262 2126 latinis
1286 2072 1379 2129 titulis

76 2171 181 2246 plures
203 2170 362 2235 habemus,
394 2176 558 2242 potestque
590 2176 738 2241 tanquam
772 2169 967 2225 summarium
998 2167 1144 2227 laterculo
1176 2172 1268 2245 priori
1290 2190 1379 2245 prae·

76 2272 171 2329 scribi
193 2273 234 2328 ad
257 2270 432 2344 exemplum
467 2268 665 2325 Nemorensis
700 2269 906 2344 inscriptionis
943 2269 1090 2343 (Hermae
1115 2272 1157 2327 VI
1177 2290 1206 2346 p.
1221 2265 1254 2348 8)
1291 2274 1380 2347 signa

77 2384 203 2449 praeter
225 2391 310 2429 aram
332 2372 496 2429 maximam
519 2389 638 2426 numera
663 2369 751 2430 XIX,

181 2475 220 2532 43
243 2491 306 2528 uon
327 2473 425 2546 ipsum
448 2472 601 2528 flaminem
624 2492 692 2528 erus
713 2474 789 2530 dare
812 2473 868 2528 sed
891 2473 1102 2548 nescioquem
1122 2475 1214 2530 alium
1236 2484 1375 2551 apertum

78 2584 139 2632 est.
177 2583 280 2630 tamen
303 2573 368 2648 quis
385 2573 449 2637 det,
473 2573 618 2646 quoniam
634 2564 704 2629 niliil
728 2574 864 2646 interest,
887 2592 950 2628 uon
967 2574 1126 2632 indicatur.
1151 2574 1264 2631 iaciunt
1286 2593 1385 2649 apros<

79 2677 113 2731 id
138 2685 184 2730 est
206 2683 357 2731 mactatos
380 2683 530 2747 apparant
553 2674 666 2748 plures,
697 2692 773 2730 unus
792 2675 874 2731 satis
905 2684 951 2730 est
975 2677 1023 2749 qui
1048 2675 1181 2733 adoleat.
1230 2676 1286 2731 hos
1308 2694 1381 2732 vero

80 2793 236 2833 sacrorum
267 2776 431 2843 ministros,
464 2776 505 2830 ad
531 2773 703 2851 prinaatas
723 2776 746 2831 si
769 2776 939 2843 reverteris
974 2785 1081 2850 reputa
1105 2793 1166 2832 uon
1187 2786 1375 2833 memoratos

81 2894 152 2932 esse
173 2877 359 2934 nominatim.

180 2979 221 3035 46
247 2973 440 3052 anda'rsafast,
465 2976 523 3032 Vll
536 2977 591 3034 133
616 2975 813 3054 andersasust‚
843 2977 884 3048 in·
897 2986 1000 3032 vetere
1023 2977 1189 3051 exemplari
1223 2977 1377 3056 atedasust.

79 3079 113 3135 id
138 3079 261 3134 verbum
284 3079 406 3133 tertium
430 3079 551 3136 accedit
573 3078 617 3133 eis
637 3095 717 3152 quae
734 3095 825 3151 supra
849 3078 1027 3150 legebamus
1049 3076 1251 3154 ambresurent
1271 3089 1301 3135 et
1325 3099 1379 3135 an·

66 3180 184 3259 jerom,
209 3197 337 3254 quorum
360 3179 417 3235 hoc
441 3180 520 3235 hanc
543 3198 608 3235 rem
633 3180 767 3236 divinam
799 3180 969 3235 universam
1002 3179 1133 3247 indicat,
1167 3179 1242 3234 illud
1277 3182 1380 3254 populi
1407 3202 1408 3205 ¹

79 3283 175 3338 modo
200 3282 357 3336 constituti
380 3280 547 3338 circuitum,
594 3282 741 3338 recedere
764 3263 884 3335 videtur
909 3281 948 3337 ab
985 3279 1114 3357 anferam
1138 3289 1262 3354 recepta
1287 3283 1383 3355 parti·

80 3385 179 3452 tione,
208 3400 280 3438 nam
303 3381 351 3437 hic
375 3381 500 3454 quidem
523 3389 569 3437 ter
591 3382 722 3454 populus
746 3383 881 3437 andirsas
904 3381 1021 3443 dicitur,
1055 3381 1195 3436 universe
1220 3390 1323 3438 tamen
1346 3402 1382 3440 ac

80 3485 149 3541 sine
171 3500 297 3538 numero
321 3483 389 3538 loco
412 3481 564 3545 inferiore,
600 3482 700 3538 differt
731 3483 769 3538 ab
793 3482 935 3538 ambream
959 3499 996 3538 ea
1019 3499 1051 3536 re
1076 3499 1154 3555 quae
1177 3482 1255 3538 inter
1276 3485 1382 3540 circui·

80 3587 199 3642 tionem
220 3584 303 3640 illam
329 3592 362 3638 et
395 3583 474 3639 hanc
508 3583 719 3657 precationem
740 3584 922 3649 intercessit,
955 3593 1020 3639 tum
1050 3584 1130 3638 enim
1163 3599 1242 3656 quae
1266 3585 1379 3640 circum

80 3687 255 3760 agebantur
276 3684 407 3749 hostiae,
429 3683 549 3738 interim
584 3684 678 3741 tribus
714 3685 788 3741 locis
822 3683 1012 3741 sacrificatae
1036 3702 1091 3757 pro
1116 3684 1230 3758 populo
1255 3685 1380 3740 circum-

80 3794 232 3844 steterunt
255 3803 328 3841 eum
351 3793 382 3839 et
404 3793 552 3859 tanquam
575 3786 605 3840 in
628 3785 790 3841 obsidione
813 3792 930 3852 tenent,
967 3801 1058 3856 quem
1093 3784 1134 3839 ad
1168 3785 1294 3839 modum
1327 3787 1381 3841 ob·

81 3889 177 3943 ducta
199 3886 351 3959 utrimque
375 3887 492 3941 viscera
515 3886 634 3942 hostiae
658 3888 688 3941 in
709 3887 887 3942 lustratione
911 3884 1099 3941 Boeotorum
1112 3885 1381 3961 Macedonumque

80 3988 198 4045 exitum
221 3987 412 4060 saepiebant.
457 3987 549 4042 latine
571 3996 603 4042 ut
627 3988 751 4043 verbum
784 4004 838 4061 pro
874 3986 964 4041 verbo
989 3986 1195 4053 redderetur,
1225 3985 1297 4041 olim
1331 3994 1381 4044 est

80 4090 273 4165 propositum
297 4088 531 4143 circumdederit:
556 4089 639 4162 quod
663 4090 788 4162 simplex
813 4087 924 4141 dr'rsast
944 4089 1036 4142 tactust
1053 4105 1071 4142 a
1088 4088 1168 4153 dia,
1192 4086 1251 4143 hoc
1268 4106 1285 4143 a
1302 4088 1384 4143 daila·

81 4191 245 4263 figuratum
268 4197 325 4255 est,
346 4188 378 4243 id
402 4188 527 4260 quidem
549 4206 698 4244 excusare
715 4188 816 4244 licebit
833 4187 961 4242 conlatis
983 4204 1044 4243 non
1067 4189 1174 4261 paucis
1191 4205 1271 4260 quae
1297 4189 1384 4261 peior

81 4288 216 4346 latinitas
241 4288 364 4344 novavit
388 4287 469 4343 velut
492 4289 637 4344 adz'aaaai
661 4289 822 4361 personari
840 4287 995 4360 praestavi
1020 4287 1138 4342 destrui
1146 4287 1298 4366 fefellitus
1319 4307 1381 4344 sum

82 4384 137 4466 (cf.
163 4386 264 4470 Ottius
285 4390 316 4444 in
340 4387 533 4445 Fleckeiseni
557 4389 660 4445 anuali
683 4405 709 4447 a.
736 4391 816 4447 1874
839 4406 868 4462 p.
884 4390 953 4447 792.
970 4389 1031 4446 833
1054 4397 1128 4445 eta.
1146 4391 1227 4448 1875
1254 4408 1283 4464 p.
1298 4389 1382 4464 652).

81 4490 141 4548 sed
164 4507 233 4546 cum
249 4489 400 4562 pz'hander
422 4490 505 4547 abire
529 4490 628 4546 soleat
650 4491 681 4545 in
697 4489 848 4562 palranner
870 4498 902 4546 et
918 4494 1036 4544 autentu
1059 4490 1090 4545 iu
1112 4490 1253 4545 andendu
1273 4491 1383 4547 abierit

81 4609 123 4648 ea
145 4608 265 4666 quoque
288 4590 403 4666 syllaba
418 4599 544 4658 mutata,
566 4607 644 4664 quae
659 4592 810 4664 integrum
827 4592 933 4665 suique
951 4591 1023 4647 iuris
1038 4591 1163 4647 verbum
1178 4592 1381 4656 exordiretur‚

81 4692 172 4748 nimis
195 4693 300 4748 mimm
323 4701 369 4747 est
393 4693 417 4747 si
441 4693 462 4747 d
481 4693 565 4748 stetit
587 4700 658 4765 post
679 4711 697 4745 n
722 4692 752 4747 in
769 4694 914 4750 anderru.
941 4709 1042 4765 neque
1059 4693 1279 4752 circumdantis
1295 4691 1382 4746 notio

1166 4791 1184 4840 8
