3742 5364
235 339 506 400 vl1r41=11³31
858 341 917 400 112

275 519 412 584 Trahaf
429 522 553 584 sahate
574 519 660 582 vitia
682 519 744 583 trif
762 519 856 582 feetu
870 546 892 583 rr
954 525 1053 582 Trans
1076 535 1215 584 sanctam
1237 526 1349 586 vitulas
1372 528 1426 586 tris
1444 526 1546 587 facito

234 622 347 685 Turse
393 606 504 687 Serfie
549 604 670 687 Serfer
713 620 858 682 Martier
910 626 1029 684 Tursae
1065 626 1183 685 Certiae
1218 627 1297 687 Cerfi
1334 630 1439 688 Martii
1483 648 1546 707 pro

234 724 407 804 popluper
428 735 522 787 totar
537 720 697 794 Iiovinar‚
720 729 858 800 totaper
909 728 1024 802 populo
1047 729 1177 786 civitatis
1200 730 1357 806 Iguvinae,
1385 749 1444 807 pro
1467 732 1547 790 civi·

197 825 377 912 ¹liovina.
430 844 577 905 persaea
619 823 702 887 fetu.
761 819 858 902 ponil
909 829 1120 903 ratelguvina.
1143 832 1402 904 pedariasfacito.
1426 827 1547 911 posca!

234 924 315 989 fetu.
342 926 438 988 arvio
454 924 535 989 fetu.
560 936 654 988 tases
669 924 855 1004 persnimu.
909 929 1010 989 facito.
1021 933 1102 987 arvia
1113 931 1216 992 tacito.
1228 934 1340 989 tacitus
1348 935 1544 1008 precamino.

234 1027 423 1108 prosesetir
464 1025 601 1100 strusla,
637 1023 750 1087 ficiam
785 1044 856 1085 ars·
908 1034 1057 1105 prosectis
1102 1033 1286 1103 struiculam‚
1327 1034 1445 1091 fitillam
1480 1035 1543 1091 ad-

234 1127 337 1192 veitu.
381 1137 502 1189 suront
524 1138 658 1201 natatu,
688 1144 774 1205 puse
798 1147 854 1187 ve·
908 1134 983 1190 dito,
1032 1135 1105 1189 item
1150 1145 1273 1192 narrato
1314 1144 1347 1192 ut
1386 1136 1430 1193 ad
1465 1154 1545 1211 por·

234 1229 324 1292 risco
346 1227 560 1290 'sreblanein
603 1248 670 1308 ape
689 1231 695 1309 Ι
714 1227 970 1306 parma-oram
1008 1233 1203 1293 Trehlanam.
1268 1236 1319 1292 ubi
1351 1231 1355 1312 Ι
1388 1252 1544 1311 porrexe-

232 1322 327 1403 eiust,
350 1329 488 1401 carsitu,
512 1328 737 1408 pufeabrons
760 1325 853 1389 facu·
907 1333 952 1401 rit,
988 1343 1108 1401 vocam,
1139 1353 1200 1409 quo
1224 1337 1293 1394 loco
1328 1355 1419 1412 apros
1454 1338 1544 1395 lece·

233 1443 319 1506 rent,
342 1451 430 1512 puse
446 1449 525 1492 erus
548 1431 659 1501 dersa.
684 1448 751 1508 ape
775 1448 855 1490 erus
906 1435 974 1503 rint,
1008 1444 1040 1491 ut
1073 1454 1141 1492 erus
1176 1438 1240 1496 dot.
1291 1439 1343 1495 ubi
1376 1456 1447 1496 erus
1481 1441 1543 1514 de·

233 1639 359 1696 butione
385 1638 512 1711 legimus
535 1634 599 1691 VB
621 1636 656 1691 12
679 1632 736 1711 ves,
764 1633 824 1690 hoc
847 1635 940 1708 partis
963 1653 1090 1704 nomen,
1122 1637 1196 1694 illud
1220 1639 1345 1696 verbum
1367 1640 1542 1714 partiendi,

234 1757 288 1814 pro
312 1756 373 1813 quo
396 1736 567 1794 distinctius
590 1735 691 1791 Latini
724 1736 854 1792 dividere
889 1737 1051 1793 extulerint
1079 1747 1112 1794 ut
1144 1740 1248 1795 media
1271 1740 1408 1801 dimidia.
1453 1742 1489 1798 id
1514 1743 1542 1799 si

233 1842 275 1897 ita
298 1848 355 1912 est,
379 1838 498 1894 iubetur
520 1837 631 1893 flamen
654 1837 733 1892 inter
755 1854 857 1892 sacras
881 1838 1008 1910 capides
1032 1840 1142 1912 partim
1163 1849 1229 1898 atra
1244 1843 1354 1916 partim
1371 1842 1442 1899 alba
1465 1861 1542 1901 vas·

234 1942 299 1998 cula
323 1939 455 1997 auferre.
487 1939 517 1993 in
541 1955 611 1993 aere
628 1937 686 1992 Vll
704 1955 791 1993 versu
806 1940 846 1995 45
870 1940 1024 2012 posterius
1047 1941 1215 1997 membrum
1237 1943 1310 1998 ideo
1332 1945 1542 2017 praetermitti

233 2043 341 2116 potuit,
372 2041 457 2114 quod
479 2040 546 2112 ipsa
569 2039 642 2094 ritus
666 2038 817 2094 enarratio
840 2039 1029 2112 patefecerat
1062 2049 1125 2096 tarn
1157 2052 1223 2099 atra
1246 2061 1336 2118 quam
1371 2044 1442 2102 alba
1464 2062 1540 2101 vas·

233 2144 302 2199 cula
335 2140 555 2214 comprehendi
579 2139 723 2213 capidum
746 2157 872 2195 numero
896 2157 1050 2197 sacrarum
1073 2137 1125 2216 (cl.
1149 2143 1165 2199 I
1178 2144 1204 2200 A
1220 2143 1281 2220 18).

332 2245 373 2300 43
406 2241 477 2296 nihil
505 2240 601 2313 magis
630 2240 826 2295 memorabile
849 2249 896 2295 cst
921 2249 971 2296 aut
994 2243 1091 2315 magis
1115 2244 1261 2301 idoneum
1289 2249 1329 2305 ad
1353 2250 1541 2307 describen-

234 2348 291 2403 dos
315 2345 389 2400 fines
414 2361 491 2417 quos
514 2343 592 2399 ultra
615 2344 752 2416 citraque
778 2352 911 2416 nequeat
934 2354 1051 2399 rectum
1082 2348 1250 2403 consistere
1279 2349 1443 2425 analogiae
1466 2369 1541 2409 um·

234 2448 334 2504 bricac
357 2447 519 2512 iudicium,
552 2462 643 2518 quam
667 2444 751 2517 quod
773 2444 833 2499 hoc
868 2462 927 2499 uno
950 2444 1020 2499 loco
1043 2447 1255 2519 antiquissima
1280 2459 1313 2505 et
1334 2452 1537 2523 integerrima

233 2551 346 2606 resedit
370 2563 459 2604 casus
483 2546 580 2618 quarti
603 2544 739 2618 plurativi
763 2545 936 2599 terminatio
956 2544 1072 2614 ahons,
1097 2565 1165 2604 cum
1185 2549 1260 2605 alias
1277 2568 1399 2626 semper
1420 2552 1537 2611 abierit

233 2653 262 2707 in
286 2649 383 2727 ebrus.
429 2665 532 2703 verum
557 2663 610 2701 cur
633 2646 674 2701 acl
696 2646 777 2701 illam
800 2645 848 2701 hic
872 2646 1007 2702 redirent
1030 2647 1088 2703 hoc
1112 2650 1140 2704 in
1170 2668 1263 2708 causa
1297 2652 1389 2709 fuisse
1412 2656 1538 2729 opinor,

233 2756 317 2828 quod
340 2770 489 2828 proxumo
506 2751 597 2806 verbo
611 2748 643 2827 f
657 2750 755 2804 littera
772 2749 952 2822 principium
968 2758 1015 2804 est
1032 2750 1120 2823 eique
1136 2753 1267 2809 eandem
1284 2756 1433 2813 committi
1455 2756 1536 2814 lina·

233 2856 292 2911 lem
314 2854 444 2911 moleste
467 2853 608 2909 tulerunt.
654 2852 685 2906 in
708 2851 834 2907 vetustis
857 2850 982 2924 quidem
1006 2851 1115 2907 tabulis
1140 2853 1268 2926 plurima
1284 2856 1430 2930 leguntur
1452 2858 1537 2915 dua·

232 2975 296 3013 rum
310 2953 341 3031 s
357 2957 400 3011 sic
423 2953 666 3011 concurrentium
689 2952 827 3024 exempla
847 2949 907 3028 bus
912 2950 996 3028 scta,
1029 2952 1247 3032 krmzz'affeitu,
1280 2953 1537 3035 siffelz'ufselu,

230 3056 359 3134 kaledus
364 3055 444 3134 selu,
464 3050 598 3128 irapinas
602 3052 682 3130 fetu,
706 3051 880 3129 aedesseni,
912 3051 1110 3130 uaeffiaerfar,
1141 3053 1336 3135 ot'llufsezlu,
1367 3057 1469 3137 aprus
1472 3058 1537 3137 sa·

230 3160 342 3227 laurent,
357 3154 588 3236 frchtesferlu,
613 3163 645 3210 at
666 3155 697 3209 in
717 3154 804 3211 novis
834 3171 926 3208 unum
952 3153 1022 3209 licet
1043 3155 1171 3212 noviens
1195 3159 1357 3231 repetitum
1379 3155 1535 3236 tresfetu.

231 3263 356 3334 dempta
379 3257 465 3336 ibis
480 3267 527 3313 est
548 3258 579 3312 in
603 3256 800 3312 commissura
824 3256 933 3310 ceteris
956 3256 1129 3312 nominibus
1153 3259 1293 3316 omnibus
1322 3260 1436 3315 calersu
1448 3260 1536 3339 selu,

230 3358 396 3437 semesam,
433 3361 484 3415 ovi
493 3356 626 3436 sarjon!
658 3366 688 3412 et
712 3357 775 3413 aliis
800 3364 918 3429 septem
945 3350 1074 3429 (coslruo
1087 3355 1144 3434 fri
1163 3360 1282 3416 octiens
1306 3361 1432 3436 quidem
1455 3361 1535 3437 legi-

231 3481 307 3531 mus,
330 3480 385 3538 pro
408 3480 470 3517 uno
491 3470 596 3516 tamen
618 3459 775 3514 numeravi
799 3450 966 3534 exemplo),
997 3474 1065 3513 cum
1089 3461 1257 3516 vetustiora
1291 3479 1363 3519 aera
1385 3470 1538 3537 quattuor

231 3565 395 3623 exhibeant
417 3562 542 3619 nomina
565 3560 700 3615 similiter
725 3558 845 3617 detrita.
889 3558 993 3632 itaque
1026 3576 1086 3632 quo
1120 3562 1214 3618 modo
1246 3563 1347 3619 Latini
1375 3582 1414 3620 ex
1436 3582 1536 3624 voca·

230 3667 306 3723 bulis
330 3663 485 3739 permultis
520 3679 611 3735 quam
633 3662 777 3717 traditam
802 3670 987 3733 acceperant
999 3659 1030 3738 f
1045 3661 1237 3734 depulerunt,
1272 3665 1315 3721 sic
1338 3666 1534 3725 recentiores

232 3768 336 3829 Vmbri
359 3781 447 3822 aures
469 3764 567 3837 magis
590 3771 704 3818 teretes
728 3779 818 3835 quam
841 3762 971 3817 maiores
1005 3780 1108 3818 eorum
1130 3763 1275 3821 habuisse
1298 3773 1330 3820 et
1351 3766 1440 3822 istam
1463 3769 1536 3841 qui·

231 3873 301 3927 dem
324 3887 362 3925 ex
385 3883 535 3925 concursu
557 3865 731 3921 scabritiam
755 3863 902 3937 sugitasse
926 3864 1077 3922 videntur.
1121 3874 1213 3940 atque
1248 3885 1317 3923 cum
1351 3866 1421 3924 abra
1433 3867 1536 3945 facu-

230 3978 297 4029 rent
316 3988 379 4028 non
399 3975 528 4043 possent
551 3967 666 4035 lacere,
704 3985 744 4022 ne
766 3964 928 4021 deficiente
959 3968 1076 4022 numeri
1100 3968 1223 4041 pluralis
1247 3977 1321 4026 nota
1343 3969 1443 4025 oratio
1465 3986 1535 4029 am-

231 4077 323 4150 bigua
340 4072 496 4138 evaderet,
514 4067 623 4124 obrons
636 4074 906 4144 praeoptaverunt.
943 4069 1159 4142 comprobatur
1177 4078 1280 4127 autem
1295 4069 1354 4127 hac
1370 4087 1401 4126 re
1417 4087 1536 4146 proxu-

229 4193 311 4230 mum
334 4191 371 4230 ac
392 4177 573 4247 perpetuum
596 4188 630 4224 ns
652 4167 727 4246 ets
742 4184 886 4224 sonorum
910 4167 992 4240 apud
1015 4167 1146 4224 Vmbros
1170 4172 1394 4228 commercium.
1432 4172 1534 4233 etiam

231 4275 304 4333 Osci
324 4291 420 4349 usque
434 4272 465 4350 f
481 4289 519 4327 ex
539 4290 573 4326 ns
593 4271 776 4346 produxere,
804 4286 866 4324 non
886 4269 1011 4342 quidem
1034 4270 1209 4326 accusativo
1225 4289 1298 4328 casu
1315 4271 1366 4345 qui
1388 4280 1437 4329 est
1451 4274 1535 4333 vetars

230 4377 285 4431 sed
307 4375 494 4430 nominativo
519 4373 569 4447 qui
583 4370 764 4449 fruktotz'us
787 4370 884 4426 factus
908 4379 955 4425 est
980 4387 1016 4425 ex
1031 4367 1232 4445 sruktotzims.
1277 4373 1396 4429 Romae
1427 4377 1534 4434 statae*

230 4496 291 4533 nem
314 4478 479 4542 vocabant,
502 4475 636 4530 stultitam
659 4472 802 4529 Boviani:
838 4471 974 4527 sentisne
997 4473 1070 4547 quid
1098 4474 1137 4529 sit
1166 4473 1197 4528 in
1219 4474 1288 4548 lege
1310 4491 1396 4532 sacra
1416 4474 1535 4555 statis?

230 4576 346 4636 scilicet
367 4577 449 4633 idem
470 4577 500 4632 in
523 4575 666 4650 singulari
702 4592 829 4631 numero
864 4574 948 4648 quod
978 4574 1008 4629 in
1041 4574 1148 4647 plurali
1170 4580 1265 4643 stator,
1300 4576 1445 4650 quoniam
1467 4584 1536 4637 stae

232 4679 287 4735 luit
309 4697 360 4735 cur
382 4678 566 4752 displiceret.
610 4675 702 4753 slolff
723 4677 764 4734 ad
788 4674 970 4754 fruktatz'us
995 4676 1131 4731 similiter
1153 4693 1189 4732 ac
1216 4676 1266 4733 lat.
1291 4677 1350 4733 olai
1372 4678 1414 4734 ad
1437 4680 1534 4752 alaier,
