3742 5364
703 352 762 409 163
1309 345 1377 407 Ivt

77 551 153 612 nus,
186 523 330 593 iseseles
363 540 405 594 et.
425 528 704 612 vempesuntresl
753 535 880 592 insectis
924 545 956 591 et
995 516 1224 607 ‘vempesontris
1265 524 1268 607 l
1307 549 1378 606 sup·

79 651 185 713 supes
208 651 311 694 sanes
332 641 496 711 pertentu
525 631 702 713 persnimu
753 633 799 709 pis
851 634 932 690 sanis
978 633 1156 708 protendito
1206 633 1377 708 supplicato

78 730 233 813 adpeltul
252 731 420 814 statitatu.
458 733 600 795 veskles
623 751 701 794 sna·
753 735 919 792 admoveto
931 727 934 810 l
948 736 1085 793 statuito.
1106 735 1236 792 vasculis
1249 735 1377 792 umectis

78 845 132 895 tes
155 841 295 895 asnates
317 833 471 895 sevakne
496 834 505 905 l
528 829 701 896 eresluma
715 857 738 896 ro
752 835 912 892 inumectis
925 834 1120 892 sollemnibus
1136 830 1199 902 lad
1212 834 1377 892 sacrarium
1424 849 1425 853 ¹

77 931 256 1014 persnimu
268 932 701 1014 PuemunePupdike,Ve·
752 935 924 1011 supplicato
948 935 1088 993 Pumuno
1111 934 1248 1009 Puplico,
1278 933 1378 990 Vesu-

78 1031 377 1114 sunelPuemunes
392 1033 581 1115 Pupdikes.
604 1034 700 1096 klav·
753 1053 811 1094 nae
847 1029 851 1112 l
888 1035 1019 1092 Pumuni
1059 1035 1185 1110 Puplici.
1251 1033 1376 1122 clavolis

77 1133 129 1197 les
158 1133 379 1216 persnihmul
400 1134 577 1198 Puemune
610 1134 700 1215 Pup·
752 1135 923 1211 supplicato
980 1128 984 1211 1
1043 1134 1182 1193 Pumuno
1247 1134 1375 1209 Puplico

77 1234 158 1297 dike
180 1244 215 1298 et
229 1235 371 1298 Vesune
387 1234 699 1317 PuemuneslPup·
751 1248 784 1295 et
815 1236 959 1294 Vesunae
990 1235 1121 1294 Pumuni
1141 1229 1147 1312 l
1166 1235 1284 1311 Puplici
1320 1253 1375 1310 pro

76 1335 176 1398 dikes
199 1335 316 1418 pustin
332 1325 455 1399 ereslu.
478 1334 562 1397 inuk
585 1331 698 1399 ereslu
750 1347 836 1413 parte
891 1337 1024 1396 sacrarii.
1093 1345 1156 1394 tum
1211 1337 1375 1395 sacrarium

78 1434 187 1518 umtul
196 1446 362 1518 putrespe
385 1455 474 1499 erus.
496 1435 580 1497 inuk
594 1435 698 1498 vesti·
712 1458 736 1496 14
750 1439 878 1514 unguite
889 1432 893 1515 l
903 1437 1060 1513 utriusque
1075 1439 1182 1512 gratia.
1205 1448 1270 1494 tum
1286 1438 1376 1495 vesti·

77 1643 222 1720 quoniam
244 1643 352 1701 ceteris
376 1643 449 1700 locis
471 1651 610 1701 neutrum
632 1659 729 1716 genus
744 1643 874 1699 nominis
891 1642 1083 1700 observatur.
1129 1649 1160 1698 at
1181 1627 1293 1697 ticieler
1314 1658 1376 1697 non

76 1761 207 1802 necesse
230 1753 278 1801 est
299 1744 342 1802 sic
363 1743 472 1801 mutari
494 1751 528 1800 ut
560 1752 709 1816 congruat
735 1743 906 1800 terminatio
940 1761 1008 1800 cum
1031 1728 1146 1798 arrietes
1168 1750 1220 1799 aut
1241 1741 1375 1800 insectis.

76 1845 185 1922 quidni
208 1845 288 1902 enirn
311 1845 402 1903 liceat
425 1844 517 1902 etiam
540 1844 634 1901 latina
655 1844 757 1918 lingua
777 1844 905 1902 insicilia
928 1844 1043 1919 fingere
1062 1853 1184 1918 praeter
1205 1843 1322 1899 insecta
1334 1852 1376 1928 ‘et
1455 1846 1461 1857 “

75 1941 204 2003 insicia?
250 1964 268 2003 a
292 1946 428 2003 secando
451 1946 574 2021 quidem
597 1945 637 2002 illi
660 1945 794 2002 secabile
817 1952 870 2001 aut
903 1945 1007 2002 sectile
1040 1943 1176 2001 iecerunt
1199 1944 1297 2001 seda
1320 1943 1376 2000 do·

75 2046 179 2103 cende
203 2047 312 2112 docile,
334 2067 353 2104 a
377 2047 522 2105 faciundo
548 2047 645 2106 facile.
689 2046 813 2104 Vmbris
839 2066 902 2104 non
935 2046 1071 2104 defuisse
1096 2046 1271 2104 huiusmodi
1295 2046 1376 2103 clau·

76 2146 160 2205 sulas
175 2148 321 2227 purtifele
343 2149 489 2209 ostendit.
535 2149 656 2207 accedit
685 2150 768 2224 quod
792 2166 860 2206 curn
887 2149 926 2205 de
950 2148 1092 2205 carnibus
1115 2166 1178 2205 non
1200 2147 1292 2205 sectis
1315 2148 1375 2205 iam

77 2259 187 2324 agatur
210 2249 378 2323 speciatim,
399 2250 510 2306 rectius
533 2268 588 2325 por
610 2267 643 2306 se
659 2267 738 2323 quae
755 2250 852 2324 possit
867 2249 998 2306 insecari
1021 2249 1195 2305 nominatur
1217 2265 1308 2322 quam
1324 2265 1376 2303 ex-

76 2358 166 2426 perta
188 2358 347 2411 secturam.
391 2362 530 2409 ceterum
552 2352 592 2407 de
614 2351 761 2427 prosodia
784 2351 968 2427 syllabarum
990 2350 1062 2407 mihi
1084 2369 1146 2408 non
1162 2358 1284 2407 constat
1307 2367 1375 2406 sen·

78 2452 186 2519 tentia,
208 2452 299 2508 sriilri·
319 2453 403 2508 unde
424 2453 539 2510 dictum
562 2461 610 2510 est
633 2452 740 2510 sicilire
762 2461 882 2527 pratum
912 2452 944 2508 id
970 2460 1018 2509 est
1041 2461 1128 2509 secto
1153 2450 1244 2508 faeno
1268 2451 1375 2508 iterum

79 2571 195 2622 secare,
219 2555 301 2628 apud
323 2554 455 2612 Ennium
478 2573 540 2611 non
563 2556 692 2630 primam
715 2562 835 2611 tantum
857 2555 1039 2629 productam
1055 2553 1162 2610 habuit
1182 2562 1215 2610 ut
1237 2553 1296 2609 sica
1318 2553 1375 2608 scd

79 2655 173 2712 etiam
196 2656 372 2712 secundam.
418 2656 502 2714 sicila
526 2666 557 2713 et
578 2656 704 2724 sicilum,
730 2655 755 2713 si
778 2655 947 2712 Philoxeno
970 2656 1047 2713 fides
1064 2665 1123 2722 est,
1145 2654 1268 2712 nomina
1292 2652 1375 2710 suero

78 2753 204 2810 cultellis
227 2763 365 2812 sutorum
385 2765 418 2812 et
439 2756 673 2831 glutinatorum,
695 2772 799 2813 verum
821 2773 970 2832 nusquam
995 2754 1065 2812 alibi
1088 2755 1289 2823 inveniuntur,
1321 2773 1375 2811 ne·

76 2856 151 2911 dum
173 2854 203 2911 in
226 2855 369 2914 carmine.

177 2958 214 3014 13
238 2956 363 3013 clavolis
385 2957 448 3014 sive
472 2957 581 3015 lumbis
604 2959 700 3016 ovillis
723 2957 912 3016 admotis-
938 2958 1073 3016 clavelas
1097 2957 1177 3015 enim
1200 2975 1336 3015 seorsum
1357 2976 1375 3014 a

75 3057 215 3114 carnibus
239 3058 379 3130 adparari
411 3058 571 3116 didicimus
606 3077 643 3115 ex
666 3059 694 3115 Il
711 3059 737 3116 A
753 3061 792 3118 33
829 3090 867 3098 -
900 3076 1013 3116 numen
1046 3068 1206 3134 utrumque
1229 3059 1375 3115 adoratur

66 3158 171 3230 puslr'n
191 3148 296 3223 ereilu,
319 3158 351 3213 id
373 3168 420 3214 est
444 3157 597 3217 Pumunus
620 3159 773 3228 inferiore,
795 3159 921 3216 Vesnna
938 3159 1094 3234 superiore
1116 3167 1204 3234 parte
1224 3161 1374 3226 altarium,

74 3258 124 3315 ille
147 3277 207 3334 qua
230 3260 302 3326 dno,
325 3258 402 3317 haec
425 3278 486 3335 qua
507 3261 563 3318 tria
586 3261 683 3319 srusta
699 3262 799 3319 carnis
815 3279 884 3318 curn
900 3271 983 3318 strue
1000 3261 1144 3336 adposita
1160 3272 1248 3318 erant
1270 3270 1373 3320 antea.

75 3378 148 3417 nam
163 3361 405 3436 puslzirsemper
427 3362 675 3420 distributionem
699 3362 859 3438 significat.
903 3363 976 3420 item
1006 3372 1038 3420 et
1060 3362 1183 3420 inferior
1206 3363 1291 3421 locus
1316 3362 1373 3420 Pu·

75 3461 157 3516 muni
180 3469 211 3517 et
233 3444 370 3536 superior
392 3461 538 3520 Vesunae
561 3464 600 3520 ob
624 3463 772 3522 honorem
801 3464 953 3538 unguitur.
1000 3469 1079 3520 umtu
1108 3464 1151 3520 ad
1179 3464 1373 3522 sacerdotem

75 3561 291 3637 magistrumve
312 3561 507 3622 referendum
531 3574 577 3622 est
600 3567 775 3631 necessario
803 3566 1040 3640 cavendumque
1070 3584 1110 3623 ne
1138 3584 1205 3622 crus
1226 3583 1281 3641 pro
1303 3566 1373 3623 sub-

74 3663 157 3720 iecto
180 3663 345 3737 accipiatur
368 3665 454 3739 quasi
477 3674 550 3724 exta
579 3667 630 3724 dei
659 3667 777 3741 signum
808 3675 955 3742 unguant.
1000 3667 1093 3725 immo
1128 3666 1221 3724 homo
1257 3668 1373 3741 unguit,

76 3773 233 3837 unguento
255 3764 365 3837 tinguit
386 3754 518 3834 ereilum,
538 3767 633 3826 efficit
654 3786 691 3826 ac
712 3776 849 3842 praestat
872 3786 948 3835 erus,
980 3785 1052 3824 nam
1075 3767 1188 3843 duplex
1212 3776 1261 3825 est
1282 3785 1373 3826 aceu-

74 3865 189 3922 satiuus
211 3865 375 3939 similisque
398 3877 547 3928 structura
580 3870 722 3945 exemplo
754 3887 867 3943 graeco
889 3864 1049 3944 ὥρκωσαν
1072 3865 1150 3944 τοὺς
1172 3866 1374 3945 στρατιώτας

74 3963 153 4040 τοὺς
176 3962 347 4041 μεγίστους
370 3963 497 4043 ὅρκους.
541 3990 728 4048 quamquam
746 3971 846 4047 potuit
867 3970 941 4039 fieri,
966 3971 990 4029 si
1015 3990 1083 4058 erus
1105 3956 1202 4046 primo
1224 3971 1374 4048 significa·

75 4078 122 4125 rat
143 4068 272 4140 gratiam
291 4068 426 4143 ideoque
448 4072 627 4131 translatum
649 4081 698 4130 est
720 4075 762 4131 ad
776 4082 847 4130 exta
870 4073 918 4131 dis
935 4073 1119 4147 gratissima,
1143 4072 1225 4131 idem
1249 4084 1282 4131 ut
1300 4090 1372 4134 casu

75 4177 184 4241 quarto
205 4169 301 4225 instar
331 4171 566 4245 praepositionis
601 4183 685 4230 esset
712 4173 771 4230 vim
795 4173 930 4231 retinens
960 4173 1128 4249 propriam,
1157 4182 1313 4251 tamquam
1335 4171 1373 4236 τὸ

75 4264 203 4342 ἄγαλμα
225 4264 384 4346 ἀλειφέτω
408 4267 562 4348 ἑκατέρου
584 4270 684 4349 χάριν,
729 4276 839 4333 multos
868 4275 945 4335 haec
969 4275 1062 4334 verba
1091 4275 1263 4335 fefellerunt
1291 4277 1372 4335 arico

75 4380 110 4429 ut
132 4381 185 4427 aut
206 4373 397 4431 intercidisse
412 4385 482 4449 post
504 4395 571 4432 erus
593 4377 689 4434 dandi
706 4378 831 4435 verbum
847 4378 1088 4453 suspicarentur,
1111 4395 1169 4437 nec
1191 4396 1262 4436 vero
1284 4379 1373 4437 datur

75 4473 221 4530 sollemne
244 4474 316 4531 illud
336 4495 402 4532 erus
423 4477 480 4533 nisi
506 4486 632 4550 peracto
655 4477 803 4536 sacrificio
826 4479 857 4536 in
880 4497 969 4537 versu
992 4482 1042 4548 27,
1070 4488 1123 4538 aut
1145 4484 1279 4555 putrespe
1308 4498 1375 4538 erus

76 4576 167 4633 latine
189 4576 279 4632 reddi
300 4577 413 4635 vellent
439 4579 568 4652 utrrique
590 4579 644 4648 dri,
679 4580 767 4655 quasi
790 4598 862 4639 vero
884 4582 1037 4658 pluraliter
1063 4581 1094 4640 in
1122 4581 1181 4644 hac
1210 4581 1377 4650 sententia,

74 4695 138 4735 non
159 4676 350 4754 singulariter
371 4698 540 4756 pronomen
561 4680 659 4738 efferri
683 4681 834 4744 debuerit.
