3742 5364
710 343 751 402 53
1137 343 1372 405 vinear-ns

74 529 214 586 succedit
249 546 342 586 unum
372 530 545 602 atm'pusotu.
590 528 636 584 his
659 528 841 586 examinatis
874 529 1036 602 intelleges
1069 530 1150 585 vestis
1182 527 1372 603 participium

73 647 144 687 esse
168 631 230 686 eius
253 631 336 687 verbi
358 630 443 688 cuius
467 631 602 686 vesticula
625 630 821 704 imperativus
844 638 900 689 est.
934 649 997 688 non
1019 639 1068 687 est
1089 630 1211 704 passivi,
1237 629 1373 687 debebat

73 732 158 788 enim
180 732 295 788 vesticos
317 732 378 789 dici
401 732 564 788 vesticatus
588 727 625 788 et‘
641 748 737 805 genus
775 731 936 806 deponens
963 732 1044 788 male
1067 732 1198 805 quadrat
1219 731 1251 787 in
1278 731 1374 805 impe·

74 833 203 891 sativum
225 834 308 890 illum
329 842 361 890 et
383 832 550 908 perfectum
572 841 692 907 tempus
715 833 938 890 sententiarum
966 850 1042 907 quas
1064 832 1179 891 contuli
1206 831 1372 888 similitudo
1448 840 1451 848 ’

72 943 263 1009 aspernatur.
308 951 382 1008 ergo
405 934 496 991 activi
519 933 712 1008 participium
735 941 783 990 est
805 934 987 1008 praesentis,
1018 934 1103 992 cuius
1135 932 1219 990 modi
1253 933 1323 988 tedte
1341 931 1373 988 in

73 1035 179 1093 tabula
201 1035 229 1092 V
252 1053 321 1093 esse
345 1035 447 1102 docui,
472 1043 571 1092 ortum
605 1053 642 1090 ex
676 1036 788 1091 vestm-s
811 1036 917 1103 vesteis,
952 1053 1019 1092 cum
1052 1033 1264 1091 declinationis
1302 1032 1374 1090 cha·

73 1144 194 1195 ractera
216 1136 321 1194 Vmbri
343 1136 545 1194 oblitterarint
570 1144 603 1194 ut
625 1136 727 1192 Latini
749 1137 780 1192 in
815 1135 889 1196 lubs.
917 1137 977 1194 iam
999 1137 1124 1193 verticum
1147 1133 1267 1191 Vmbris
1290 1133 1373 1190 idem

74 1238 176 1296 valere
199 1238 284 1313 quod
306 1238 424 1295 Latinis
452 1236 558 1302 libore,
582 1244 734 1311 quotquot
759 1237 825 1294 eius
841 1237 924 1294 verbi
944 1245 1051 1294 extant
1065 1237 1205 1311 exempla
1227 1237 1371 1310 probant:

74 1340 227 1397 vesticant
242 1339 426 1414 simpliciter,
450 1338 601 1394 vesticant
618 1337 755 1410 frugibus
772 1338 909 1413 vasculis,
926 1339 1076 1396 vesticant
1092 1339 1260 1405 interram,
1283 1336 1373 1394 vesti·

74 1448 148 1497 cant
169 1440 200 1495 iu
222 1440 319 1514 primo
335 1447 366 1495 et
380 1439 484 1495 medio
506 1437 665 1497 sacrificio,
691 1455 834 1511 graecam
850 1457 1071 1513 romanamque
1093 1440 1272 1514 religionem
1287 1439 1372 1496 testi·

73 1541 181 1598 ficatus
204 1558 222 1596 a
245 1540 342 1597 Vesta
365 1540 486 1614 focique
509 1540 737 1596 necessitudine
760 1540 803 1597 sic
818 1541 1000 1614 appellatam
1015 1540 1192 1598 libationem
1214 1559 1283 1598 esse
1299 1558 1373 1598 conb
1413 1565 1415 1569 ⁴

73 1641 161 1698 firmo
186 1639 236 1716 (cl.
261 1642 361 1698 villam
384 1641 503 1698 vilicam
525 1641 670 1711 vilicare).
714 1641 788 1698 inde
809 1659 901 1716 porro
928 1660 1110 1698 emanavere
1133 1642 1260 1699 Vesticii
1283 1642 1373 1699 Sanci

72 1760 197 1811 numen,
222 1743 270 1799 cui
293 1743 317 1799 si
339 1743 510 1799 instaurata
532 1759 610 1816 opus
633 1750 681 1799 est
703 1760 735 1798 re
758 1742 878 1810 divina,
911 1744 1047 1800 omnium
1078 1744 1175 1818 primo
1198 1743 1373 1818 supplicant

73 1844 388 1912 11A4,etvesticia
413 1844 611 1926 libamentum
634 1844 782 1901 sollemne
805 1862 842 1901 ac
863 1845 1069 1919 praecipuum.
1113 1863 1151 1902 ea
1179 1862 1242 1902 non
1264 1854 1312 1902 est
1334 1863 1373 1900 ex

72 1963 189 2021 genere
213 1945 328 2019 liquido
352 1953 429 2013 tota,
451 1944 550 2019 figitur
573 1946 655 2002 enim
678 1946 842 2020 separatim
858 1955 890 2002 et
908 1947 1041 2021 infigitur
1054 1946 1161 2004 hostiis
1178 1946 1372 2004 succidaneis

73 2046 128 2103 IA
141 2048 180 2106 28
192 2055 224 2103 et
236 2049 285 2114 31,
308 2047 565 2120 distinguiturque
588 2046 652 2102 lIB
671 2049 709 2106 13
730 2046 812 2103 facta
835 2065 853 2103 a
875 2047 986 2105 nativa.
1010 2064 1128 2105 sacram
1150 2065 1205 2122 per
1227 2065 1260 2104 se
1279 2047 1372 2104 luisse

74 2148 195 2216 credas,
217 2166 276 2205 nec
298 2148 379 2204 enim
402 2147 540 2221 precibus
557 2156 755 2205 consecratur
770 2147 958 2216 nominatim,
981 2148 1065 2221 quod
1080 2148 1234 2205 contraiit
1249 2148 1280 2204 in
1295 2146 1372 2225 meso

74 2267 155 2325 quae
176 2267 243 2306 cum
266 2249 316 2304 illa
337 2249 500 2315 miscetur,
532 2248 563 2304 in
585 2248 712 2306 vasculis
745 2249 775 2304 in
799 2249 915 2307 hostiis
963 2249 1186 2307 multitudinem
1204 2244 1371 2322 'quandam

74 2351 222 2418 continet,
245 2351 276 2406 in
299 2357 403 2424 partes
427 2349 508 2406 enim
532 2349 686 2417 dividitur,
706 2367 765 2406 nec
787 2358 891 2407 tamen
913 2368 1039 2407 numero
1055 2351 1187 2407 modove
1210 2358 1294 2406 certo
1318 2351 1372 2407 de·

73 2452 206 2509 finitam:
229 2470 301 2508 nam
324 2451 410 2526 quasi
434 2451 617 2507 tantundem
640 2452 678 2508 sit
699 2459 797 2508 totum
813 2459 846 2508 et
859 2452 960 2527 portio
980 2452 1093 2520 divina,
1117 2451 1242 2509 vesticia
1264 2451 1373 2507 dicitur

74 2554 120 2610 VI
136 2553 159 2610 B
175 2556 224 2622 39,
246 2570 309 2610 non
333 2570 370 2609 ex
394 2552 501 2609 ordine
525 2552 672 2608 vesticiae
697 2571 763 2608 erus
784 2553 859 2612 dari.
903 2570 984 2627 quae
1006 2561 1155 2610 structura
1178 2568 1253 2610 sane
1274 2553 1372 2626 impo-

74 2655 130 2711 lita
152 2655 295 2728 quoniam
318 2653 465 2710 maximas
501 2653 701 2728 interpretum
735 2656 839 2712 turbas
862 2655 973 2722 effecit,
1007 2672 1120 2712 moneo
1148 2663 1182 2712 ut
1212 2655 1372 2711 latinamm

73 2756 178 2830 legum
197 2754 339 2828 exempla
361 2754 527 2828 respiciant
556 2755 630 2812 talia
661 2756 756 2810 oricus
778 2754 917 2833 Furfens.
960 2757 1054 2812 maior
1065 2766 1140 2831 pers
1162 2757 1205 2813 sei
1227 2758 1373 2831 opsoloere

74 2855 172 2912 volent
191 2855 275 2911 liceto
298 2852 388 2927 (CIL.
408 2851 510 2928 1603)
531 2855 577 2910 vel
601 2874 719 2930 eamque
742 2862 846 2913 sortem
869 2863 999 2929 opertam
1022 2857 1179 2932 braczoque
1202 2863 1300 2930 operto
1323 2858 1371 2913 lit·

73 2963 165 3013 terom
188 2956 302 3030 dsgiteis
324 2963 451 3030 opertam
474 2955 577 3036 [serto
599 2962 651 3019 ubi
672 2978 747 3019 cave
769 2968 859 3034 putes
881 2978 1030 3017 conexam
1052 2977 1107 3034 per
1128 2978 1182 3033 quc
1196 2977 1266 3016 cum
1288 2967 1373 3016 sorte

74 3058 206 3115 litteram
228 3053 355 3132 (ibidem
377 3062 447 3131 198,
474 3062 527 3134 52)
564 3063 610 3119 vel
635 3063 769 3136 denique
793 3062 825 3116 de
847 3063 959 3117 maiore
983 3063 1070 3134 porte
1101 3058 1287 3116 Veituriorum
1308 3077 1371 3115 sen·

73 3159 162 3216 tentio
184 3176 243 3232 qua
265 3160 379 3217 nullam
401 3164 471 3219 novi
505 3165 677 3221 orationem
713 3164 907 3220 infantiorem
940 3160 1027 3235 (199,
1043 3164 1081 3220 31
1114 3161 1283 3233 iterumque
1308 3153 1370 3236 32).

73 3278 179 3316 verum
201 3261 282 3318 enim
304 3261 359 3319 has
384 3267 518 3339 syntaxis
550 3267 684 3340 origines
706 3282 797 3322 nemo
823 3266 896 3322 dum
925 3265 1017 3338 plena
1040 3263 1254 3320 observatione
1277 3263 1373 3336 expli-

73 3362 146 3420 cuit.
191 3364 233 3419 ad
255 3365 411 3421 vesticiam
433 3374 466 3423 ut
488 3368 626 3436 redeam,
649 3384 746 3442 prope
769 3369 920 3424 accedere
936 3383 1005 3423 eam
1027 3364 1247 3422 existimaveris
1270 3365 1311 3421 ad
1327 3363 1372 3420 far

73 3464 157 3538 pium
179 3471 210 3520 et
232 3481 269 3520 ex
293 3465 371 3522 farre
394 3484 486 3541 quam
509 3470 641 3544 virgines
657 3467 799 3526 Vestales
824 3467 978 3531 faciebant
1000 3467 1113 3523 molam
1136 3475 1263 3524 castam.
1287 3474 1370 3524 certe

75 3566 161 3640 quod
182 3567 305 3623 nomine
328 3569 461 3642 arguitur
482 3570 580 3644 prima
602 3589 639 3628 ac
661 3571 820 3645 potissima
837 3569 930 3626 fuisse
947 3570 987 3626 ad
1007 3569 1227 3636 vesticandum,
1251 3568 1282 3624 id
1299 3585 1372 3625 con·

74 3667 159 3722 venit
169 3685 238 3724 cum
250 3685 306 3724 usu
321 3670 420 3726 molae
432 3688 567 3728 romano
603 3681 672 3729 sunt
690 3680 803 3739 tamen,
827 3670 935 3738 fateor,
959 3671 989 3726 in
1002 3670 1047 3727 his
1061 3670 1170 3727 tabulis
1182 3687 1260 3744 quae
1274 3669 1370 3743 magis

74 3768 224 3840 quadrare
248 3769 409 3826 videantur
424 3773 465 3828 ad
480 3773 642 3846 religiones
663 3773 814 3847 antiquas,
838 3772 863 3829 si
880 3789 919 3827 ex
932 3771 1039 3829 hostiis
1057 3780 1209 3846 sumptum
1225 3771 1370 3828 libamen·

75 3877 150 3935 tum,
170 3869 264 3926 cruda
286 3880 357 3927 exta
380 3872 426 3928 vel
443 3890 580 3947 sanguen
596 3876 792 3948 accipiamus,
816 3891 875 3930 nec
891 3874 1017 3930 vesticia
1036 3881 1211 3930 recensetur
1232 3873 1264 3927 in
1279 3873 1370 3930 sacri·

75 3969 209 4026 liciorum
232 3971 446 4030 instrumento:
481 3971 610 4049 Ἑστίας
631 3975 738 4050 χῶρος
761 3972 859 4049 μέρος
881 3974 940 4034 τοῦ
964 3969 1089 4048 ἥπατος
1114 3971 1149 4034 ἐν
1171 3975 1279 4052 θυτικῇ
1307 3973 1370 4030 He-

75 4070 205 4145 sychius,
239 4074 431 4146 proverbium
454 4075 580 4133 Graecis
604 4086 670 4134 erat
703 4072 812 4155 Ἑστίᾳ
836 4072 923 4136 θύειν
956 4072 1008 4136 ἐπὶ
1029 4075 1094 4137 τῶν
1118 4071 1228 4150 μηδενὶ
1251 4071 1370 4154 ῥᾳδίως

75 4168 322 4247 μεταδιδόντων,
352 4176 436 4232 cuius
460 4194 554 4233 causa
577 4176 672 4234 fertur
694 4180 779 4251 quod
812 4179 970 4252 quondam
993 4177 1109 4235 Vestae
1132 4196 1200 4235 cum
1233 4175 1372 4234 facerent

74 4273 229 4329 neminem
252 4273 333 4348 dape
355 4277 609 4352 participaverint.
655 4280 753 4334 vesteis
775 4279 823 4335 hic
847 4297 916 4335 eam
946 4279 1123 4336 libationem
1145 4279 1263 4335 indicat
1285 4278 1370 4335 cuius

73 4373 275 4448 adspersione
298 4378 354 4433 bos
377 4388 582 4437 consecratur.
616 4379 724 4436 Cicero
747 4382 788 4435 de
812 4381 871 4438 div.
895 4381 982 4440 1137
1007 4382 1090 4456 quod
1112 4382 1232 4438 dixerat
1256 4380 1287 4434 in
1309 4379 1374 4450 ipso

75 4475 274 4542 immolatione,
301 4478 404 4534 statim
432 4480 514 4536 idem
537 4481 581 4537 sic
604 4481 711 4537 delinit
732 4481 821 4536 mmul
841 4499 875 4537 oc
897 4482 1003 4540 molam
1025 4489 1051 4539 et
1070 4481 1170 4538 vamum
1192 4480 1378 4552 insperseris,

74 4574 158 4631 Dido
180 4575 295 4650 Vergili
318 4577 362 4633 IV
375 4581 414 4638 60
450 4587 546 4636 tenens
578 4582 686 4636 dextro
713 4588 850 4653 poteram
881 4584 1034 4642 candentis
1060 4601 1168 4642 vaccae
1189 4579 1279 4638 medio
1300 4578 1384 4640 inter

73 4693 182 4732 cornua
195 4672 313 4750 fundit,
337 4681 422 4753 quod
436 4681 555 4738 Servius
571 4699 632 4737 non
648 4697 717 4739 esse
733 4683 912 4742 sacrificium
926 4699 1046 4760 narrat,
1071 4683 1228 4762 explorari
1247 4678 1398 4745 hostiam
