3742 5364
863 332 921 393 122

234 517 347 576 sentire
369 526 614 593 praemonstrare
636 518 744 592 plenus
769 517 835 593 spei
858 518 961 576 bonae
983 527 1076 594 atque
1096 519 1198 588 animi,
1224 520 1298 578 dum
1314 521 1445 596 amplior
1474 541 1543 583 ma·

234 620 311 676 teria
333 629 386 677 aut
406 618 567 675 firmiorem
599 619 711 675 reddat
742 618 919 692 opinionem
952 627 1005 676 aut
1036 620 1193 677 meliorem
1215 622 1405 696 suppeditet.
1464 624 1542 681 civis

235 721 385 778 Bantinus
406 720 551 777 incensus
574 719 710 775 lamalz'r:
735 736 772 775 ea
789 720 837 775 lex
864 737 934 776 cum
959 720 1075 777 indicta
1091 730 1149 789 est,
1172 721 1288 778 dudum
1310 722 1342 779 in
1364 723 1471 798 populi
1492 743 1542 782 ro·

235 823 317 879 mani
339 828 528 897 potestatem
551 819 674 876 Bantini
690 829 847 893 venerant,
870 819 1029 878 Romanos
1053 821 1152 894 legem
1172 822 1299 879 dedisse
1321 821 1477 881 honorum
1503 843 1543 883 ac

235 922 465 998 magistratuum
488 920 574 992 tituli,
597 920 669 994 quin
691 919 785 977 etiam
808 920 875 995 ipsa
895 921 1065 977 litteratura
1087 922 1206 996 prodit:
1229 922 1373 981 incensus
1390 924 1465 982 civis
1485 943 1540 982 ve·

235 1042 309 1081 num
331 1025 431 1091 datur,
455 1021 514 1078 hoc
536 1021 657 1078 Romae
679 1021 751 1077 iuris
776 1020 832 1077 fuit
854 1040 913 1077 nec
935 1030 1064 1095 potuere
1091 1023 1167 1078 socii
1196 1024 1319 1081 tractari
1341 1025 1540 1086 clementius,

237 1142 400 1200 posueram
421 1123 452 1179 id
473 1122 631 1198 equidem,
653 1121 792 1195 probavit
815 1130 867 1178 aut
882 1139 973 1178 nemo
990 1131 1043 1179 aut
1064 1140 1152 1181 unus.
1188 1124 1345 1183 inventum
1360 1134 1407 1183 est
1420 1143 1539 1185 novum

237 1223 393 1299 plumbum
416 1221 553 1296 Capuae,
576 1221 699 1277 lamalir
721 1221 813 1277 homo
837 1221 862 1277 si
885 1229 1007 1295 raptum
1029 1240 1092 1278 non
1116 1223 1218 1280 reddit
1238 1221 1342 1282 Cereri
1364 1234 1397 1285 et
1417 1228 1468 1285 dis
1492 1229 1541 1285 in·

234 1325 316 1392 feris,
353 1324 396 1381 ita
418 1323 510 1382 Vibia
534 1321 680 1395 Paquium
713 1322 847 1377 devovet
879 1321 973 1396 idque
1008 1323 1132 1380 verbum
1160 1324 1284 1382 mirifice
1306 1328 1440 1386 concinit
1465 1347 1540 1389 cum

235 1443 349 1502 graeca
372 1423 591 1481 devoventium
619 1422 746 1479 formula
774 1418 831 1481 ἐὰν
859 1419 898 1496 μὴ
923 1417 1037 1502 ἀποδῷ
1061 1417 1197 1498 ἀναβαίη
1220 1423 1425 1508 πεπρημέγος
1446 1427 1541 1506 παρὰ

234 1523 402 1601 Δήμητρα,
426 1543 495 1582 cum
519 1524 728 1581 Romanorum
751 1523 818 1596 lege
842 1524 1053 1592 sanciendum,
1077 1526 1160 1582 cuius
1183 1535 1275 1602 caput
1298 1545 1417 1587 sacrum
1439 1540 1541 1600 esset,

235 1635 269 1683 ut
292 1626 406 1684 familia
429 1626 493 1683 eius
517 1625 558 1681 ad
582 1626 692 1681 aedem
716 1623 836 1681 Cereris
860 1643 969 1682 venum
992 1625 1057 1684 iret.
1089 1626 1149 1682 iam
1172 1635 1304 1703 expecto
1324 1638 1358 1687 ut
1379 1638 1433 1688 aut
1455 1632 1541 1690 acci·

235 1728 322 1803 piant
346 1727 440 1784 ceteri
463 1726 543 1783 hanc
565 1726 852 1799 interpretationem
875 1735 928 1782 aut
944 1728 1113 1784 ostendant
1136 1728 1210 1800 quid
1233 1728 1318 1786 aliud
1341 1738 1372 1787 et
1395 1731 1474 1805 legis
1492 1732 1541 1789 la·

238 1839 287 1887 tor
308 1830 457 1903 imperare
479 1835 511 1884 et
534 1828 667 1884 dirarum
694 1836 801 1883 auctor
824 1827 982 1901 imprecari
1004 1828 1147 1900 potuerit.
1193 1828 1374 1904 Pompeiani
1389 1832 1541 1906 quaede-

232 1931 363 1988 aedibus
386 1938 438 1987 aut
461 1928 515 1984 viis
537 1929 658 2002 publice
681 1927 770 1984 factis
793 1929 960 1984 memoriae
983 1930 1183 1997 mandarunt,
1219 1931 1330 1988 stultus
1354 1932 1394 1989 sit
1414 1931 1541 1990 meher-

233 2032 302 2089 cule
325 2031 377 2105 qui
398 2030 592 2104 interpretari
609 2029 679 2085 velit
695 2047 796 2104 neque
813 2030 964 2103 inspicere
981 2039 1032 2086 aut
1047 2046 1236 2103 cognoscere
1258 2049 1308 2089 res
1331 2033 1429 2091 factas
1449 2034 1540 2109 ipses

233 2152 311 2210 quas
334 2133 412 2207 ignis
440 2140 471 2188 et
506 2138 642 2187 vetustas
665 2147 729 2186 non
758 2131 882 2204 penitus
905 2131 1104 2204 consumpsit.
1148 2130 1265 2188 lrz'z'bom
1288 2135 1363 2208 quid
1382 2133 1458 2192 Osci
1483 2152 1541 2193 vo·

233 2234 341 2298 earint,
364 2233 535 2289 declaratur
562 2230 703 2304 exemplo
732 2229 863 2288 aedilicii
891 2232 975 2305 quod
1003 2233 1187 2289 eonomine
1210 2233 1403 2309 inscripsere,
1435 2254 1541 2311 pecu·

232 2337 314 2392 niam
337 2351 398 2409 qua
423 2350 460 2389 ea
483 2333 594 2389 domus
618 2331 698 2388 facta
721 2340 769 2389 est
791 2349 861 2388 cum
885 2331 1016 2406 legatam
1040 2332 1134 2390 fuisse
1166 2335 1292 2390 verer'z'ai
1321 2334 1540 2413 Pompeianae

232 2436 411 2502 audiamuS,
438 2433 572 2508 sequitur
594 2433 619 2489 si
642 2433 786 2489 vereiiam
809 2431 987 2489 deliniturus
1011 2451 1059 2499 es,
1094 2443 1127 2490 ut
1154 2435 1265 2510 quibus
1289 2437 1394 2495 usibus
1418 2440 1539 2497 domus

232 2536 474 2593 adcommodata
498 2533 586 2591 fuerit
607 2532 710 2589 discas
734 2533 773 2588 ab
797 2532 991 2606 antiquariis:
1026 2533 1211 2606 palaestram
1244 2535 1274 2592 hi
1307 2537 1432 2608 dicunt,
1457 2556 1539 2615 ergo

232 2636 347 2694 vereiia
369 2635 499 2692 civitatis
519 2651 558 2690 ea
580 2651 650 2708 pars
674 2632 729 2689 fuit
752 2634 799 2690 cui
833 2642 885 2690 aut
918 2636 1092 2691 necessaria
1127 2645 1211 2692 esset
1240 2646 1293 2694 aut
1322 2638 1433 2695 saltem
1456 2647 1538 2715 apta

231 2738 393 2812 palaestra,
418 2735 538 2792 videtur
559 2735 652 2791 fuisse
675 2735 765 2791 virilis
782 2744 888 2792 coetus
911 2735 974 2791 sive
989 2735 1149 2793 militarem
1165 2746 1300 2795 aetatem
1318 2739 1458 2815 ingressa
1488 2741 1539 2799 iu·

229 2847 350 2896 ventus.
393 2836 451 2893 hac
473 2837 521 2893 via
543 2844 574 2892 et
596 2837 715 2893 ratione
738 2835 912 2893 Italicarum
929 2836 1131 2895 dialectorum
1152 2839 1294 2913 reliquias
1310 2857 1370 2915 ego
1394 2849 1535 2900 tractan-

230 2941 287 2997 das
310 2955 433 3007 censeo,
458 2948 491 2994 ut
506 2938 725 3013 grammaticae
742 2936 901 2994 subtilitati
919 2955 1009 2994 sucus
1025 2939 1233 2997 admisceatur
1250 2939 1445 3016 philologiae,
1472 2941 1537 3001 bac

231 3049 263 3097 et
284 3041 379 3096 multa
401 3057 481 3114 quae
503 3039 619 3113 priores
642 3038 824 3111 interpretes
842 3055 949 3111 parum
965 3045 1050 3094 recte
1065 3041 1232 3096 commenti
1247 3051 1336 3099 erant
1358 3042 1537 3101 removisse

230 3140 303 3199 mihi
326 3141 432 3198 videor
453 3149 484 3197 et
505 3141 573 3214 ipse
595 3156 658 3196 non
675 3139 757 3196 nulla
772 3139 926 3195 invenisse
943 3139 1053 3213 quibus
1069 3141 1255 3213 posteriores
1284 3141 1428 3203 fruentur.
1452 3162 1537 3201 neve

230 3243 337 3318 putida
359 3242 526 3298 iactatione
548 3241 626 3297 haec
649 3240 734 3296 dicta
752 3240 947 3308 arbitremini,
968 3240 1133 3298 refutanda
1155 3242 1227 3298 mihi
1247 3253 1314 3302 erat
1336 3244 1450 3302 iniusta
1475 3245 1537 3303 ho·

230 3345 318 3401 minis
343 3342 543 3401 laudatissimi
567 3341 763 3414 reprehensio
786 3349 910 3398 nostrae
935 3358 1048 3415 operae
1069 3350 1178 3398 eventa
1201 3344 1288 3417 quasi
1309 3345 1391 3402 nullo
1418 3344 1537 3406 funda·

231 3453 337 3501 mento
360 3444 529 3501 constituta
551 3442 666 3499 idcirco
690 3442 900 3516 despicientis,
924 3444 1008 3516 quod
1031 3462 1092 3517 qua
1115 3462 1174 3518 ego
1197 3445 1246 3504 via
1271 3453 1341 3502 utor
1363 3444 1444 3503 banc
1466 3447 1537 3522 ipse

231 3544 295 3602 fere
318 3545 440 3619 ignorat
462 3544 585 3600 aliunde
608 3543 764 3618 profectus
788 3545 930 3601 aliorsum
947 3546 1090 3612 tendens,
1113 3555 1167 3602 aut
1189 3548 1213 3603 si
1230 3549 1315 3606 novit
1339 3555 1444 3606 tamen
1469 3550 1539 3609 cal·

233 3663 303 3702 care
327 3663 396 3703 eam
417 3654 568 3720 gravatur.
612 3661 729 3701 errasse
752 3662 801 3699 me
824 3645 906 3701 haud
927 3645 1021 3701 semel
1045 3654 1098 3702 aut
1120 3664 1343 3721 saepenumero
1377 3665 1441 3705 non
1465 3651 1534 3709 dis·

232 3747 348 3813 simulo,
381 3765 452 3803 nam
477 3756 508 3803 et
530 3747 622 3803 homo
646 3763 713 3802 sum
742 3754 773 3802 et
799 3746 995 3803 mediocriter
1017 3748 1164 3805 eruditus
1209 3767 1313 3806 verum
1337 3750 1449 3806 dumos
1481 3751 1534 3809 sil·

233 3858 348 3906 vestres
384 3864 476 3904 nemo
503 3855 662 3922 perreptat
683 3847 749 3902 sine
778 3847 872 3914 flexu,
906 3865 964 3903 uec
1000 3849 1127 3921 prodest
1149 3867 1316 3924 pervasuro
1338 3850 1538 3925 obganniens

231 3953 394 4026 quisquam
417 3960 471 4007 aut
494 3951 534 4008 de
557 3960 730 4008 transverso
753 3951 960 4024 obstrigillans
984 3952 1039 4007 sed
1064 3951 1113 4008 ille
1130 3953 1180 4027 qui
1201 3954 1314 4009 ducere
1337 3951 1404 4026 ipse
1425 3961 1539 4027 potest

231 4053 422 4109 conterendo
446 4061 549 4109 sentes
574 4061 605 4109 et
625 4053 758 4110 levando
782 4052 895 4126 spinas.
929 4054 987 4109 sed
1010 4051 1087 4109 haec
1110 4053 1270 4113 hactenus.
1305 4053 1365 4109 iam
1380 4063 1536 4130 sequatur

231 4154 337 4211 tabula
359 4154 487 4227 lguvina
510 4171 602 4229 quam
624 4171 819 4210 numeramus
843 4153 1013 4220 alteram,
1037 4171 1098 4227 qua
1113 4155 1331 4229 principalibus
1353 4172 1390 4211 ac
1412 4157 1537 4229 praeci·

228 4255 297 4328 puis
321 4255 424 4322 sacris
458 4255 571 4311 montis
594 4263 626 4309 et
648 4254 753 4328 populi
775 4253 960 4321 lustrationi,
984 4254 1043 4311 alia
1075 4256 1282 4329 adiunguntur
1313 4272 1442 4329 quorum
1478 4268 1538 4317 aut

229 4354 353 4427 publica
376 4355 426 4412 illa
449 4355 515 4428 ipsa
539 4356 734 4411 occasionem
758 4356 868 4411 datura
901 4355 961 4411 sint
990 4363 1043 4411 aut
1067 4356 1145 4412 aliae
1168 4357 1242 4412 certi
1266 4357 1412 4431 temporis
1435 4357 1537 4419 feriae

229 4455 365 4529 privatae
388 4465 420 4512 et
439 4456 621 4529 gentiliciae.
