3742 5364
230 337 320 400 tvss
858 339 919 400 168

228 515 557 601 purtuvitu.linumk
583 523 736 599 pruzude
753 517 847 580 kebu
865 544 891 582 n
904 522 1058 597 porricito.
1094 516 1098 601 Ι
1141 531 1216 581 tunc
1258 532 1422 601 prostante
1467 526 1545 585 cibo
1732 522 1742 585 l

231 621 387 684 sevakne
422 617 644 700 persnihmul
676 618 853 681 Puemune
905 623 1043 680 sollemni
1073 625 1247 699 supplicato
1271 619 1276 702 Ι
1301 625 1445 711 Pumuno
1478 626 1545 685 Pu·

231 845 292 886 nea
314 828 488 884 reiectanea
509 833 687 902 opertanea.
731 825 813 900 prior
834 843 905 900 pars
928 825 1022 883 latine
1045 827 1078 884 fit
1100 825 1193 902 offas!-
1215 828 1309 905 idque
1324 848 1396 888 cum
1418 830 1541 891 infesta
1644 848 1647 855 ·

232 936 263 984 et
285 927 407 985 infensa
426 928 522 986 ducta
544 927 605 985 sint
627 927 666 985 ab
689 925 889 994 infendendo‚
913 945 982 984 cum
1000 928 1163 986 manifesta
1179 930 1229 1005 qui
1243 930 1337 989 latine
1351 930 1457 990 sciunt
1470 948 1541 990 non

230 1029 349 1105 possint
370 1046 432 1086 nou
454 1028 596 1104 accipere
627 1044 707 1102 quae
740 1045 833 1085 manu
856 1027 1097 1103 prehendantur,
1132 1038 1261 1105 optumo
1282 1031 1347 1089 iure
1368 1033 1410 1091 ab
1432 1032 1538 1093 offen·

231 1132 337 1188 dendo
353 1137 538 1204 repetemus.
575 1129 661 1203 atqui
676 1128 833 1186 offendere
849 1128 932 1185 idern
947 1129 1114 1204 aliquando
1131 1131 1260 1189 valuisse
1281 1133 1367 1207 quod
1389 1134 1537 1210 obligare

230 1240 263 1288 et
294 1230 467 1306 ligamentis
493 1247 647 1297 coercere,
684 1247 779 1305 germ.
802 1228 946 1286 subraden
968 1229 1079 1304 glossis
1107 1231 1257 1290 docemur
1284 1232 1369 1291 Festi
1387 1241 1423 1293 et
1440 1235 1541 1295 Pauli

231 1332 409 1390 testantium
440 1332 610 1389 offendices
633 1340 664 1388 et
685 1330 938 1389 offendimentum
965 1332 1029 1389 lora
1057 1349 1126 1389 esse
1154 1333 1296 1391 nodosve
1316 1334 1430 1411 quibus
1452 1353 1541 1412 apex

231 1433 312 1491 circa
327 1441 463 1490 mentum
485 1432 652 1490 retineatur
674 1440 706 1489 et
728 1432 898 1490 remittatur
919 1429 971 1509 (ci.
995 1432 1150 1492 ISchmidt
1173 1433 1243 1493 hist.
1266 1437 1365 1496 vocal.
1387 1436 1501 1513 indog.
1523 1438 1540 1497 1

230 1552 261 1609 p.
278 1527 361 1609 127).
406 1533 532 1591 vinculis
561 1533 652 1608 igitur
683 1534 829 1591 obstricta
851 1551 924 1589 vasa
946 1534 1103 1608 intellego,
1127 1534 1159 1592 id
1186 1544 1234 1593 est
1257 1546 1365 1611 operta
1387 1538 1541 1598 obturata

231 1643 391 1703 contecta,
424 1635 527 1709 qualia
548 1635 686 1693 centiens
708 1644 882 1693 memorant
915 1636 966 1711 qui
988 1635 1067 1693 vilici
1090 1636 1280 1712 diligentiam
1301 1623 1357 1696 aui
1376 1641 1447 1699 coci
1469 1641 1538 1699 suis

229 1735 401 1812 praeceptis
424 1735 615 1793 instituerunt
641 1736 722 1793 velut
746 1734 915 1794 Columella
937 1737 969 1793 in
991 1736 1060 1796 XII.
1082 1737 1237 1796 clausulae
1260 1756 1382 1816 quoque
1411 1749 1447 1799 ut
1482 1742 1539 1801 ali·

230 1855 322 1913 quarn
345 1836 489 1893 haberem
511 1838 672 1905 rationem,
696 1837 873 1911 operculata
896 1854 933 1893 ex
957 1834 1069 1914 uscstne
1091 1837 1157 1907 ieci,
1180 1838 1214 1895 id
1235 1847 1285 1897 est
1304 1856 1384 1915 quae
1399 1850 1540 1916 possunt

230 1939 292 2015 tegi
322 1957 359 1996 ac
383 1939 483 1997 solent
505 1945 613 2013 utpote
635 1938 781 2013 operculo
804 1938 963 1997 instructa.

330 2042 370 2099 23
386 2042 521 2113 pruaude
542 2038 614 2096 kebu
636 2038 687 2114 qui
707 2038 870 2095 enucleare
894 2038 990 2106 volet,
1013 2038 1072 2096 hoc
1097 2047 1204 2097 teneat
1226 2049 1351 2114 oportet
1380 2041 1536 2118 inprimis,

231 2159 293 2200 non
316 2159 430 2200 novom
451 2157 622 2216 recensque
644 2139 801 2197 admoveri
824 2140 882 2197 sed
897 2148 1023 2214 praesto
1039 2157 1075 2197 ac
1090 2149 1232 2214 paratum
1253 2158 1324 2199 esse
1337 2142 1370 2199 in
1391 2142 1462 2217 ipsa
1479 2162 1537 2203 ara

232 2243 278 2300 vel
301 2244 445 2302 altaribus
468 2242 543 2299 illud
565 2258 627 2316 quo
653 2241 712 2297 iam
735 2250 918 2298 venerantur
939 2238 1121 2300 Pumunum.
1159 2257 1230 2297 nam
1252 2242 1374 2315 gemelli
1388 2251 1464 2301 sunt
1484 2244 1538 2303 hic

232 2345 305 2403 ritus
328 2353 360 2401 et
381 2345 433 2418 qui
455 2343 630 2417 insequenti
653 2342 815 2399 enuntiato
836 2343 1019 2409 continetur,
1042 2342 1094 2399 ubi
1116 2341 1262 2399 Vesunae
1284 2344 1334 2401 cui
1355 2344 1460 2403 adhuc
1482 2363 1537 2404 su·

231 2448 350 2523 periore
373 2447 440 2503 loco
465 2443 672 2502 sacrificarunt
693 2444 754 2500 iam
777 2445 816 2501 ab
839 2444 899 2500 imo
922 2461 1039 2500 sursum
1059 2445 1264 2503 ascendentes
1285 2444 1394 2503 lectica
1414 2462 1452 2503 ac
1476 2447 1536 2505 de·

232 2550 341 2607 dicatis
366 2549 494 2605 vasculis
517 2555 760 2623 comprecantur,
783 2555 816 2602 ut
838 2546 956 2622 opinor,
980 2554 1144 2622 propterea
1166 2548 1250 2622 quod
1272 2565 1346 2606 vasa
1367 2564 1405 2605 ac
1427 2550 1537 2623 supel-

233 2650 363 2707 lectilem
389 2648 505 2724 antiqui
533 2648 633 2706 officio
660 2648 797 2705 muliebri
829 2648 1014 2722 reliquerunt
1042 2657 1264 2723 matronaeque
1295 2655 1358 2717 est,
1393 2655 1429 2705 ut
1461 2666 1538 2709 cum

233 2750 435 2809 Ischomacho
464 2751 695 2826 Xenophonteo
725 2750 841 2825 loquar,
875 2744 1034 2811 ἐξετάζειν
1064 2745 1105 2809 τὰ
1125 2746 1224 2824 σκεύη
1257 2746 1310 2810 καὶ
1338 2745 1536 2825 δοκιιΐάζειν.

232 2853 292 2911 iarn
314 2853 388 2909 dum
411 2861 519 2927 reputo
541 2870 662 2910 mecum
684 2860 715 2908 et
738 2851 930 2908 vasculorum
951 2850 1140 2908 mentionem
1169 2851 1339 2910 consociari
1365 2851 1430 2909 fere
1457 2870 1537 2911 cum

232 2955 372 3011 carnibus
395 2954 501 3028 eisque
523 2953 662 3028 subiungi
682 2948 734 3028 (cf.
760 2970 852 3027 supra
873 2970 899 3012 v.
917 2954 934 3010 7
950 2959 983 3008 et
998 2954 1027 3018 9,
1051 2950 1120 3007 HA
1136 2952 1174 3011 31
1192 2953 1232 3011 34
1249 2954 1298 3021 37,
1321 2951 1379 3014 VII
1394 2952 1423 3010 A
1439 2950 1476 3030 9)
1500 2963 1536 3012 et

230 3055 395 3112 maximum
417 3056 459 3111 ad
481 3053 560 3114 haec
581 3071 668 3111 sacra
690 3054 813 3129 pondus
836 3052 1005 3110 accessisse
1029 3066 1118 3109 ovem
1139 3069 1233 3127 quam
1262 3051 1400 3111 Pumuno
1422 3054 1536 3113 immo·

231 3157 334 3227 latam,
358 3156 497 3213 Pumuno
520 3165 551 3213 et
574 3155 720 3214 Vesunae
742 3163 932 3229 prosectam‚
956 3154 1042 3211 cuius
1065 3170 1174 3212 carnes
1197 3153 1357 3228 adpositas
1379 3161 1537 3215 statutas·

231 3275 290 3333 que
313 3257 440 3330 legimus
467 3287 500 3297 -
526 3274 628 3331 neque
651 3275 708 3313 eae
731 3255 780 3312 hic
802 3256 948 3313 tolluntur
974 3273 1012 3311 ex
1034 3273 1087 3313 ara
1109 3255 1154 3312 sic
1177 3263 1212 3312 ut
1233 3255 1299 3312 IIA
1315 3257 1366 3324 42,
1384 3256 1438 3314 ubi
1459 3274 1536 3332 per·

231 3358 313 3415 fecto
336 3360 460 3416 domum
483 3357 631 3415 sacrificio
654 3357 771 3414 catulus
790 3357 856 3432 ipse
878 3357 1024 3431 polsatur,
1047 3357 1098 3430 qui
1119 3356 1218 3412 exitus
1233 3356 1317 3413 idem
1338 3355 1387 3413 ovi
1409 3357 1537 3415 denun-

220 3460 323 3518 tiatus
345 3459 531 3518 erat11132
559 3483 595 3499 -
625 3458 703 3516 haec
725 3458 814 3533 igitur
840 3458 994 3532 reputanti
1020 3458 1093 3514 nihil
1124 3456 1154 3513 in
1184 3465 1320 3514 mentem
1349 3457 1433 3515 venit
1467 3460 1537 3517 veri

231 3561 354 3617 similius
375 3578 465 3635 quam
488 3576 597 3617 carnes
619 3577 688 3617 esse
710 3559 816 3617 ovillas
839 3559 995 3616 universas
1026 3558 1135 3633 quibus
1164 3557 1262 3616 honor
1291 3576 1454 3634 supremus
1477 3578 1536 3619 ex·

231 3663 365 3720 solvatur
388 3661 538 3729 Pumun0,
573 3660 811 3736 comprehensas
842 3660 914 3717 keba
940 3659 1073 3720 nomine.
1117 3661 1202 3734 quod
1228 3678 1291 3717 non
1317 3661 1458 3719 videntur
1482 3678 1534 3721 er·

230 3781 315 3822 rasse
341 3763 392 3838 qui
415 3781 482 3820 cum
505 3764 574 3821 cibo
598 3770 823 3838 compararunt,
846 3762 904 3820 etsi
920 3761 1004 3817 latini
1019 3761 1159 3818 vocabuli
1182 3780 1255 3820 usus
1271 3762 1414 3820 aliorsum
1428 3770 1536 3823 teten-

231 3865 287 3933 dit,
311 3865 368 3922 sed
390 3872 495 3921 tamen
517 3881 579 3921 non
596 3865 693 3921 solum
716 3881 823 3921 carnes
846 3864 925 3920 bene
946 3862 989 3920 ita
1012 3862 1203 3937 appellantur
1225 3860 1377 3936 (cz'br'cidas
1392 3862 1534 3925 Lucilius

231 3965 316 4022 finxit
338 3972 483 4039 tanquam
497 3964 688 4038 homicidas),
712 3983 816 4022 verum
837 3965 931 4021 etiam
954 3981 991 4020 ex
1014 3982 1052 4021 eo
1069 3972 1136 4020 orta
1153 3964 1278 4022 nomina
1294 3964 1448 4039 quaedam
1463 3983 1534 4037 non

231 4074 294 4124 tam
315 4066 571 4125 nutrimentorum
594 4068 651 4124 vim
675 4066 810 4124 referunt
828 4084 919 4141 quarn
942 4083 1068 4123 mensae
1085 4066 1222 4123 escariae
1237 4065 1415 4124 memoriam
1436 4068 1533 4127 nobis

229 4167 403 4242 impingunt
435 4168 654 4244 copiarumque
690 4168 785 4226 victus
814 4167 912 4242 gratia
936 4168 1149 4241 adgestarum,
1183 4168 1272 4241 quale
1304 4175 1352 4225 est
1379 4167 1534 4229 cibarium

230 4270 331 4324 vinum
354 4268 468 4325 dictum
499 4287 554 4344 pro
578 4269 692 4346 volgari
715 4288 752 4328 ac
773 4269 909 4327 sordido,
954 4269 1039 4325 addo
1062 4268 1155 4326 etiam
1183 4268 1282 4343 dapes
1314 4277 1346 4326 et
1379 4268 1534 4331 sacrificia

229 4369 311 4424 adeo
336 4369 415 4424 inter
435 4387 468 4425 se
492 4371 655 4429 coniuncta
678 4389 758 4438 esse,
792 4379 824 4427 ut
847 4371 934 4445 quod
956 4370 1059 4427 alteris
1083 4378 1186 4444 aptum
1214 4371 1253 4427 sit
1276 4369 1459 4429 vocabulum
1489 4390 1533 4431 ne
1584 4364 1588 4371 ¹

231 4471 270 4527 ab
293 4469 395 4526 alteris
429 4473 553 4544 quidem
577 4473 717 4530 videatur
750 4471 923 4532 abhorrere.
968 4490 1028 4528 nec
1060 4471 1163 4545 magui
1193 4472 1341 4529 momenti
1371 4476 1534 4548 estquod

230 4571 502 4628 contradixerunt
525 4572 656 4629 Vmbros
680 4574 878 4647 pronuntiare
901 4560 1148 4640 denumerata,
1172 4590 1243 4630 nam
1265 4573 1306 4629 de
1327 4572 1447 4647 origiue
1469 4576 1536 4636 cibi

230 4671 305 4746 quid
325 4673 451 4728 tandem
476 4669 618 4729 constat?
662 4672 740 4732 hanc
764 4675 895 4731 eandem
916 4675 1052 4731 vocalem
1082 4675 1112 4730 in
1142 4674 1241 4748 prisca
1263 4673 1405 4731 sonuisse
1430 4674 1536 4737 latini·
