3742 5364
692 364 751 425 137
1275 363 1326 424 IlA
1334 367 1374 427 33

69 569 164 631 pune
179 546 280 612 fertu.
302 548 421 621 berva,
443 546 581 610 klavlaf
598 545 698 628 alan·
750 551 807 608 bus
830 567 956 625 poscam
978 527 1065 608 ferto.
1099 569 1201 620 verua,
1225 545 1374 629 clavolasl

70 647 204 723 fehtaf‚
248 649 373 713 vesklu
416 656 517 710 snatu
564 656 697 721 asnatu‚
750 651 889 720 infectas,
917 653 1040 710 vascula
1063 664 1185 710 umecta
1209 655 1373 720 inumecta‚

71 769 174 812 umen
198 748 297 811 fertu.
749 769 875 827 unguen
898 752 985 812 lerto.

116 850 256 931 Kapide
268 849 509 923 HunteiIuvie
521 847 698 910 vestikatu
712 871 737 908 at
793 851 912 928 Capide
931 853 1038 912 Honto
1057 852 1067 924 i
1086 856 1172 912 Iovio
1199 857 1293 914 libato
1319 872 1375 931 pro

72 952 306 1033 Petruniaper
327 949 444 1013 natine
462 948 574 1012 fratru
588 947 698 1012 Atiie·
751 952 894 1011 Petronia
916 956 1042 1013 natione
1065 956 1190 1014 fratrum
1207 957 1374 1017 Atiedium.

73 1053 140 1119 diu.
173 1050 298 1134 berusi
315 1051 478 1114 sevaknis
499 1050 700 1132 persnihmu
751 1057 872 1113 veribus
883 1049 887 1133 Ι
898 1057 1095 1115 sollemnibus
1107 1058 1278 1134 supplicato
1291 1068 1374 1117 trans

72 1165 153 1237 pert
175 1153 296 1235 spinia.
334 1153 424 1214 isunt
446 1151 582 1214 klavles
603 1170 699 1232 pers·
751 1156 880 1230 spinam.
948 1157 1022 1215 item
1085 1161 1210 1217 clavolis
1264 1160 1377 1235 suppli-

72 1255 224 1332 nihmu.,{
252 1253 394 1316 veskles
424 1263 522 1315 snate
556 1262 697 1315 asnates
750 1251 854 1335 cato!
891 1260 1020 1317 vasculis
1052 1262 1180 1318 umectis
1214 1261 1375 1320 inumectis

74 1356 239 1419 sevaknis
283 1355 453 1436 spiniama
497 1354 698 1436 persnihmu
750 1360 946 1417 sollemnibus
979 1362 1020 1418 ad
1054 1361 1173 1436 spinam
1204 1364 1375 1438 supplicato

73 1441 251 1521 vestikatu
279 1461 283 1535 Ι
311 1459 549 1535 ahtrepudatu.
599 1455 699 1536 spina
750 1460 844 1517 libato
866 1453 870 1537 l
892 1461 1058 1536 tripodato.
1096 1464 1215 1538 spinam
1237 1465 1376 1538 unguito,

73 1569 179 1633 umtu‚
203 1579 306 1620 umne
328 1556 473 1620 sevakni
487 1556 697 1637 persnihmu.
750 1547 884 1636 unguine
900 1563 1038 1620 sollemni
1054 1565 1236 1638 supplicato.
1264 1582 1374 1622 manus

73 1659 174 1723 mans
191 1679 275 1723 easa
293 1665 298 1739 1
317 1668 411 1722 vutu.
715 1669 740 1720 si
753 1682 791 1720 ex
814 1680 867 1720 ara
887 1655 891 1738 Ι
916 1663 1017 1722 lavito.

174 1865 301 1944 klavlaf
315 1865 459 1922 clavolas.
502 1865 613 1920 eodem
629 1863 755 1920 nomine
772 1863 918 1921 Germani
937 1865 1108 1939 posteriora
1132 1867 1271 1923 animalis
1290 1885 1376 1924 crura
1429 1941 1431 1946 ,

73 1968 255 2041 lumbosque
278 1966 454 2040 significant
479 1982 555 2038 quos
580 1965 681 2021 Latini
705 1965 838 2021 clunium
860 1966 984 2022 nomine
1007 1967 1314 2041 comprehendebant
1328 1964 1377 2046 (de

73 2067 210 2125 clunibus
232 2070 309 2142 apri,
333 2067 458 2124 Plautus
479 2067 612 2139 Agroico
633 2067 725 2139 quasi
746 2066 832 2139 lupus
852 2066 1003 2122 charmis
1022 2068 1112 2133 valeo,
1136 2068 1233 2124 clunes
1256 2066 1378 2145 defectos

70 2164 169 2248 gero),
191 2170 302 2226 Graeci
322 2167 429 2241 κωλᾶς
455 2168 661 2242 appellabant.
721 2184 790 2241 pars
825 2167 993 2224 hostiarum
1020 2168 1098 2225 haec
1121 2169 1321 2243 pinguissima
1344 2180 1375 2225 et

76 2271 202 2328 maximi
227 2269 327 2344 pretii.
371 2269 469 2326 Mileti
492 2270 640 2325 sacerdos
663 2285 733 2325 cum
756 2272 875 2330 sacrum
898 2269 931 2324 tit
956 2269 1089 2342 linguam
1111 2282 1221 2326 coxam
1244 2271 1373 2326 caudam

75 2373 199 2447 accipit,
222 2389 290 2428 cum
313 2370 399 2445 plura
423 2387 521 2437 sacra,
547 2387 658 2426 coxam
676 2378 707 2426 et
723 2369 855 2443 linguam
872 2379 902 2426 et
925 2368 1032 2442 κωλῆν
1054 2366 1127 2444 μίαν
1150 2365 1214 2430 ἀπὸ
1236 2366 1376 2445 πάντων,

75 2492 148 2532 cum
170 2473 203 2528 fit
226 2473 335 2528 ceteris
359 2473 406 2528 dis
430 2471 480 2545 qui
503 2472 533 2526 in
556 2472 670 2545 templo
694 2471 842 2538 coluntur,
872 2472 1008 2545 praemia
1041 2472 1154 2528 eadem
1185 2469 1237 2530 καὶ
1266 2470 1372 2545 κωλῆν

76 2570 149 2634 ἀντὶ
172 2572 230 2648 τῆς
252 2570 339 2647 ὠρῆς
363 2569 405 2645 ἢμ
430 2568 469 2645 μὴ
488 2569 641 2646 βασιλεὺς
658 2567 802 2651 λαμβάνῃ
827 2569 946 2646 (titulus
962 2574 1090 2646 primum
1107 2574 1208 2629 editus
1224 2574 1375 2649 aRayeto

79 2675 112 2731 in
136 2675 211 2730 actis
235 2673 429 2747 archaeolog.
453 2673 531 2730 Gall.
546 2692 572 2731 a.
589 2675 670 2732 1874
692 2692 730 2732 m.
745 2674 822 2747 Aug.
846 2674 954 2730 iterum
969 2674 1001 2730 in
1017 2674 1177 2750 Philologo
1194 2678 1232 2734 36
1246 2694 1275 2749 p.
1290 2674 1373 2745 745).

78 2775 110 2831 hi
135 2774 227 2831 lumbi
251 2776 289 2830 ad
315 2774 433 2848 spinam
451 2774 556 2831 infecti
573 2775 719 2841 feruntur,
741 2793 805 2831 non
821 2776 893 2830 tosti
909 2784 962 2830 aut
976 2777 1056 2832 cocti
1073 2777 1245 2833 cuiusmodi
1268 2794 1376 2833 carnes

81 2877 196 2933 eodem
219 2875 399 2933 deseruntur
419 2876 529 2933 infixae
545 2877 676 2936 veribus.
712 2875 883 2954 aartfelzlas:
906 2877 951 2933 sic
966 2877 1067 2933 Latini
1084 2873 1146 2952 inf-
1168 2879 1377 2951 producentes
1433 2891 1436 2895 ⁴

81 2978 97 3033 i
116 2978 207 3051 longa
229 2985 348 3033 notant.

182 3080 220 3136 36
248 3085 317 3151 pert
337 3078 424 3151 gnari
447 3078 647 3134 dialectorum
668 3077 841 3134 Italicarum
864 3078 1003 3134 homines
1038 3079 1156 3134 dudum
1184 3079 1285 3134 sciunt
1306 3095 1376 3134 esse

79 3181 159 3237 ultra
183 3179 228 3234 vel
252 3188 344 3238 trans,
389 3180 433 3235 sic
457 3180 603 3253 templum
626 3178 767 3235 Herculis
790 3180 972 3236 Abellanum
994 3185 1066 3253 pert
1090 3181 1166 3235 viam
1200 3181 1291 3236 situm
1310 3187 1378 3235 erat

79 3290 114 3338 ut
138 3281 223 3336 aedis
245 3280 354 3354 Serapi
377 3279 546 3337 Puteolana
569 3286 653 3335 trans
675 3281 764 3345 viam,
791 3288 904 3354 emper!
929 3279 1017 3337 Oscis
1036 3289 1084 3336 est
1107 3281 1190 3353 quod
1212 3298 1275 3336 non
1298 3280 1377 3336 ultra
1410 3325 1411 3330 κ

80 3382 205 3439 excedit
229 3382 312 3455 quod
335 3382 412 3437 intra
434 3391 536 3438 certos
560 3382 635 3438 fines
659 3381 808 3438 consistit.
852 3382 1003 3454 utrimque
1030 3381 1120 3454 igitur
1142 3381 1261 3454 spinam
1288 3400 1379 3437 vene·

82 3490 188 3539 rantur
209 3482 303 3538 modo
327 3484 460 3540 anticam
483 3483 579 3539 modo
600 3483 761 3556 posticam,
786 3493 849 3539 tum
872 3483 1016 3540 libamine
1040 3482 1161 3555 tingunt
1183 3492 1214 3537 et
1239 3499 1377 3556 unguen·

81 3592 160 3651 tant,
181 3583 314 3657 denique
338 3584 469 3639 redeunt
492 3585 533 3639 ad
556 3602 648 3641 aram.
693 3593 831 3640 mortuos
855 3600 1019 3657 eorumque
1042 3591 1242 3639 monumenta
1265 3582 1378 3639 adfuso

81 3685 154 3740 oleo
178 3693 208 3739 et
231 3692 405 3758 unguento,
440 3683 513 3740 folio
547 3693 578 3740 et
611 3693 678 3741 ture
710 3684 861 3741 honorare
884 3693 1023 3740 vetustus
1054 3701 1121 3740 mos
1151 3683 1206 3740 fuit
1230 3696 1377 3758 acceptus

82 3786 176 3842 etiam
199 3784 377 3848 Christianis
401 3794 433 3841 ut
457 3784 625 3841 Prudentio
650 3795 681 3842 et
704 3796 831 3842 sanctae
856 3785 1017 3861 Augustini
1040 3786 1139 3842 matri.

184 3890 223 3946 38
256 3894 460 3944 conseruntur
482 3897 514 3944 et
537 3888 626 3961 quasi
651 3896 906 3961 coagmentantur
936 3889 989 3962 qui
1011 3888 1053 3942 ad
1077 3887 1196 3960 spinam
1219 3895 1252 3942 et
1274 3886 1326 3959 qui
1348 3886 1379 3942 in

83 4006 137 4047 ara
160 3987 234 4044 fiunt
256 3989 331 4044 ritus
354 3988 535 4062 interposito
558 3989 607 4044 illo
630 3985 723 4063 muns
739 4007 806 4044 easa
825 3995 895 4046 autu
915 3986 972 4045 (sic
995 4004 1049 4043 aes
1073 3987 1155 4044 clare
1178 3996 1209 4043 et
1232 3988 1298 4043 sine
1319 3986 1379 4042 ulia

82 4086 195 4162 litura),
229 4089 280 4161 qui
302 4087 382 4145 hanc
414 4089 454 4144 ob
486 4106 611 4145 causam
640 4089 735 4145 etiam
761 4090 844 4163 prius
876 4106 968 4162 quam
995 4089 1061 4163 ipse
1085 4088 1201 4144 reditus
1232 4088 1273 4142 ad
1295 4105 1378 4144 aram

83 4190 276 4266 praecipitur.
314 4207 384 4244 nam
407 4198 499 4246 uncta
521 4190 608 4262 spina
631 4189 742 4245 flamen
758 4207 826 4246 cum
849 4190 950 4246 lavare
974 4205 1082 4245 manus
1106 4187 1230 4253 debeat,
1256 4187 1381 4244 lex'im·

84 4297 174 4365 perat
197 4297 229 4344 ut
252 4289 292 4344 ad
316 4307 384 4346 eam
407 4307 469 4345 rem
493 4307 574 4363 aqua
590 4297 714 4364 petatur
736 4290 774 4346 ab
798 4309 859 4348 ara.
895 4289 973 4347 Cato
990 4292 1030 4347 de
1047 4290 1138 4364 agric,
1156 4290 1216 4347 132
1231 4289 1261 4344 in
1277 4290 1381 4346 medio

85 4390 171 4465 quod
195 4389 258 4445 lovi
281 4390 382 4463 dapali
405 4390 436 4445 fit
458 4390 620 4446 sacrificio:
652 4409 755 4446 manus
775 4392 936 4448 r'nterlm'to.
981 4393 1012 4448 in
1034 4388 1126 4466 mans
1140 4405 1306 4464 suppressa
1329 4407 1381 4446 vo·

85 4490 159 4547 caiis
186 4490 258 4546 levis
281 4498 312 4546 et
334 4492 484 4548 instabilis
508 4485 608 4566 (manu
629 4489 736 4565 moni),
768 4493 908 4549 brevitati
943 4492 1091 4549 sermonis
1125 4489 1296 4546 consultum
1322 4506 1381 4546 uec

85 4591 204 4648 sublata
226 4592 435 4666 perspicuitas
459 4593 502 4650 sic
520 4593 653 4650 Romani
669 4609 871 4666 composuere
892 4602 1085 4651 mansuetem
1107 4590 1281 4665 mancipem
1296 4609 1380 4648 man·

85 4690 156 4748 tele.
201 4696 271 4746 uulu
293 4694 368 4766 quid
384 4694 422 4748 sit
444 4700 591 4748 contextu
606 4710 705 4749 rerum
720 4692 837 4766 patefit.
862 4693 962 4751 locum
985 4693 1156 4753 nonhabet
1177 4690 1239 4749 nisi
1261 4692 1382 4748 lavandi

1172 4784 1209 4835 9*
