3742 5364
229 293 323 352 Vrsa
855 295 896 352 46

230 476 381 538 aseriato
404 485 468 547 est,
497 495 574 538 erse
596 475 678 555 neip
710 482 856 555 mugatu
906 479 1101 536 observatum
1137 482 1202 547 ibit,
1247 501 1286 538 ea
1322 501 1380 540 nec
1407 484 1534 541 muttito

229 596 298 657 nep
311 575 398 638 arsir
409 576 616 648 andersistu,
639 595 743 639 nersa
755 594 855 636 covr·
906 598 963 637 nec
986 581 1043 637 alis
1075 581 1260 649 intersidito,
1293 587 1398 641 donec
1428 603 1534 642 revor-

229 688 310 751 tust,
333 677 430 758 porsi
449 678 556 758 angla
571 676 850 757 anseriatoliust,
872 700 884 736 v
904 684 974 738 terit
991 683 1042 755 qui
1065 684 1187 740 oscines
1211 685 1407 742 observatum
1426 685 1432 758 Ι
1450 686 1533 745 ierit.

230 799 292 841 sve
320 778 450 841 muieto
478 776 548 840 fust
579 790 637 841 ote
667 778 734 859 pisi
766 778 854 840 arsir
905 785 931 841 si
976 785 1129 840 muttitum
1173 786 1230 842 erit
1272 796 1326 843 aut
1362 788 1429 860 quis
1473 787 1533 844 alis

229 881 464 953 andersesust,
488 878 765 959 disleralinsust.l
904 886 1109 952 intersedent,
1132 887 1255 943 inritum
1277 883 1419 964 lecerit!

271 981 415 1046 Verfale
436 981 521 1064 pufe
536 981 704 1045 arsfertur
727 982 853 1044 trebeit
946 986 1110 1060 Templum
1151 988 1202 1043 ubi
1243 988 1357 1045 flamen
1393 998 1535 1046 versatur

231 1104 331 1149 ocrer
362 1084 539 1165 peihaner,
578 1105 656 1147 erse
688 1084 852 1146 stahmito
904 1089 983 1146 arcis
1012 1089 1156 1162 piandae,
1190 1089 1222 1144 id
1252 1090 1395 1147 stativum
1415 1086 1470 1148 ‘sic
1495 1091 1534 1148 fi-

330 1313 417 1350 nerse
439 1296 641 1369 compositum
664 1303 712 1350 est
742 1310 784 1349 ex
805 1297 893 1349 ne-da
915 1294 1052 1350 similiter
1075 1311 1113 1349 ac
1143 1294 1236 1350 latina
1259 1295 1361 1349 nedum
1383 1303 1415 1351 et
1437 1313 1534 1376 quoer-

232 1395 308 1460 dam,
344 1395 490 1470 temporis
512 1395 597 1452 huius
620 1396 812 1469 significandi
838 1413 931 1452 causa
959 1394 1080 1450 inverso
1103 1393 1211 1449 ordine
1236 1393 1336 1451 Latini
1358 1392 1459 1450 fecere
1482 1396 1533 1451 do·

231 1497 348 1554 nietam.
392 1496 474 1554 idem
498 1497 579 1554 valet
601 1496 721 1553 Vmbris
754 1497 949 1570 eandemque
984 1504 1167 1552 structuram
1190 1495 1298 1568 recipit
1319 1496 1421 1568 arnipe
1443 1498 1534 1568 quasi

230 1598 426 1671 aul-nequem,
448 1617 520 1654 nam
543 1599 691 1655 ablativus
714 1599 739 1654 si
761 1608 845 1655 esset
867 1616 922 1673 par
945 1598 1046 1653 latinis
1067 1598 1168 1670 quoad
1181 1605 1213 1652 et
1228 1598 1335 1669 adque,
1358 1606 1533 1654 extremam

230 1699 367 1755 vocalem
394 1718 412 1753 u
435 1700 615 1774 legeremus.
660 1701 785 1775 negatio
818 1701 876 1757 illis
898 1699 1052 1774 particulis
1075 1698 1233 1754 evidenter
1268 1698 1362 1753 mixta
1397 1715 1461 1753 rem
1484 1697 1535 1754 fu·

230 1805 328 1856 turam
340 1801 426 1874 quasi
449 1803 585 1860 nondum
602 1802 715 1860 factam
730 1822 767 1860 ac
790 1804 940 1885 tantisper
962 1822 980 1858 a
996 1819 1068 1857 vero
1084 1818 1222 1856 aversam
1241 1799 1365 1857 inducit.
1395 1798 1534 1873 ideoque

234 1901 341 1975 volgus
364 1903 491 1960 latinum
513 1904 606 1961 etiam
629 1923 684 1978 pro
706 1907 877 1979 quandoque
899 1904 1023 1960 dicebat
1046 1903 1199 1975 quandem
1221 1896 1330 1977 (Orelli
1341 1902 1434 1966 4370,
1457 1919 1533 1960 ann.

231 2001 301 2061 inst.
324 2004 407 2062 arch.
431 2025 459 2063 a.
484 2008 564 2065 1868
587 2026 616 2081 p.
641 2002 726 2082 190),
757 2008 841 2080 quod
872 2004 1038 2079 aliquando
1062 2003 1195 2059 futurum
1218 2011 1302 2059 esset
1328 2001 1361 2057 id
1384 2019 1454 2058 esse
1476 2009 1535 2058 aut

232 2104 325 2162 luisse
347 2107 389 2162 ad
415 2106 492 2164 illud
513 2116 632 2182 tempus
655 2127 781 2183 negans

330 2206 423 2264 latine
449 2209 538 2282 copia
562 2210 640 2266 nulla
663 2219 710 2265 est
732 2209 872 2266 imitandi
904 2209 934 2263 in
958 2207 1084 2263 relativo
1115 2206 1297 2280 pronomine
1320 2205 1404 2278 quod
1427 2204 1534 2262 tabula

230 2306 366 2365 umbrica
388 2311 539 2383 expressit
561 2311 757 2367 discriminis:
788 2319 951 2384 postquam
973 2309 1054 2364 enim
1077 2308 1221 2382 scriptum
1244 2316 1291 2363 est
1306 2307 1364 2379 por‘
1384 2307 1445 2380 qui,
1468 2305 1532 2362 iam

231 2406 312 2464 idem
335 2408 386 2465 ille
408 2409 451 2465 sic
475 2412 640 2469 denotatur
654 2414 744 2486 porri
762 2413 870 2486 quide,
893 2412 945 2484 qui
968 2409 1102 2483 quidem,
1125 2405 1228 2482 ὅσπερ
1252 2416 1305 2465 aut
1326 2403 1365 2480 ὃς
1387 2403 1436 2479 δή.

331 2513 348 2569 7
372 2511 522 2568 silentium
543 2531 638 2587 augur
659 2515 683 2570 si
705 2532 766 2570 non
791 2512 956 2570 servaverit
978 2520 1029 2568 aut
1052 2511 1076 2566 si
1098 2511 1175 2567 alius
1196 2510 1401 2576 intervenerit,
1425 2509 1530 2582 auspi·

230 2610 311 2668 cium
333 2612 495 2672 diremerit.
529 2614 573 2671 sic
589 2615 670 2671 enim
692 2632 821 2671 necesse
837 2623 886 2670 est
901 2612 1057 2688 explanari
1081 2613 1205 2668 verbum
1230 2612 1269 2666 ab
1286 2628 1323 2667 ea
1345 2611 1413 2684 ipsa
1439 2628 1533 2684 prae·

230 2711 384 2785 positione
407 2713 556 2787 incipiens
580 2716 807 2772 dr'sleralz'nrusl.
852 2716 892 2770 de
921 2715 1025 2770 media
1057 2721 1145 2787 parte
1177 2730 1215 2768 ne
1243 2711 1383 2768 hariolari
1406 2711 1534 2784 quidem

231 2812 392 2886 quicquam
410 2817 521 2884 audeo,
546 2818 689 2889 quoniam
706 2817 820 2872 deleres
841 2835 926 2872 suum
950 2814 1151 2889 significatum
1167 2815 1206 2870 ab
1222 2813 1281 2869 alia
1300 2813 1419 2886 accepit
1441 2831 1533 2886 prae·

229 2915 392 2989 positione,
427 2925 531 2975 tamen
566 2919 647 2974 lerae
679 2929 711 2975 et
735 2914 849 2977 αὔλακι
881 2918 1019 2974 inhaeret
1041 2917 1127 2973 notio
1155 2916 1229 2973 recti
1251 2934 1288 2971 ac
1311 2914 1427 2988 flgoriS,
1449 2909 1533 2971 ‘diri-
1559 2941 1564 2947 ·

229 3033 302 3090 gere
324 3020 407 3091 apud
430 3017 571 3075 Plautum
593 3021 743 3077 invenitur
765 3038 820 3094 pro
839 3013 1025 3076 discindere'
1048 3017 1160 3074 Paulus
1181 3019 1212 3074 F.
1259 3017 1398 3072 desieral·
1423 3015 1534 3072 similia

230 3115 324 3174 habet
352 3118 382 3174 in
417 3119 516 3176 latinis
540 3121 645 3177 feralia
680 3122 784 3179 laralia
815 3121 999 3195 coniugalia,
1031 3122 1166 3176 ducenta
1199 3119 1267 3176 alia.
1312 3117 1382 3173 hinc
1404 3117 1533 3174 verbum

230 3218 315 3290 quasi
338 3221 516 3286 dileleralire,
549 3241 620 3278 nam
643 3223 751 3278 -msusl
771 3222 860 3278 futuri
884 3223 984 3277 exacti
1007 3220 1179 3277 terminatio
1201 3229 1249 3275 est
1280 3218 1408 3292 plenior,
1438 3235 1533 3290 quarn

230 3316 343 3374 dilectu
376 3322 450 3378 satis
483 3324 559 3379 miro
581 3322 688 3380 Vmbri
721 3342 783 3380 non
806 3323 973 3380 adhibuere
1001 3322 1100 3378 verbis
1134 3323 1192 3378 nisi
1214 3321 1403 3395 compositis,
1437 3337 1534 3393 quam

230 3420 370 3492 exempla
385 3422 443 3478 alia
467 3423 598 3497 probant
620 3434 768 3481 mutatam
791 3425 822 3480 in
842 3425 960 3482 mollius
976 3442 1045 3480 esse
1066 3443 1103 3480 ex
1127 3424 1249 3478 -eircz'usl
1269 3424 1371 3497 itaque
1388 3430 1534 3478 coactam

231 3537 268 3575 ex
291 3521 370 3577 -e'nco
392 3517 442 3596 (cf.
459 3525 612 3596 prop-ime
635 3521 836 3599 longinquom)
857 3536 889 3582 et
901 3525 978 3603 fust.

331 3623 541 3696 8digreditur
573 3625 670 3682 oratio
703 3627 744 3682 ad
778 3627 924 3701 templum
954 3625 1190 3699 designandum.
1234 3625 1266 3681 id
1286 3624 1400 3703 versele
1424 3624 1533 3697 appel·

234 3723 311 3779 latur
333 3726 415 3798 quod
439 3725 562 3782 effatum
579 3737 627 3784 est
652 3728 690 3784 ab
714 3746 837 3802 augure,
861 3728 976 3784 finitum
999 3727 1158 3801 conceptis
1181 3726 1279 3782 verbis
1303 3725 1413 3798 (Varro
1436 3725 1453 3780 l.
1479 3726 1533 3786 lat.

230 3826 274 3882 VI
297 3827 337 3884 523
371 3825 428 3882 VIl
452 3826 494 3901 8).
542 3847 558 3883 e
595 3848 663 3887 curn
697 3830 823 3887 aliorum
856 3830 1061 3904 auspiciorum
1082 3847 1175 3886 causa
1209 3829 1355 3902 templum
1388 3827 1476 3883 aliter
1499 3837 1534 3885 et

230 3926 419 3999 concipiatur
441 3937 473 3985 et
496 3931 709 3999 constituatur,
745 3933 866 3989 accedit
893 3921 1052 4005 genetivus
1072 3930 1191 3988 verbale
1213 3931 1289 3986 acrei
1304 3930 1422 4003 prendi.
1465 3938 1533 3988 tum

231 4044 286 4101 pro
310 4027 443 4084 ablativo
466 4050 527 4087 erse
548 4041 580 4088 ut
604 4051 694 4107 supra
716 4042 835 4107 putare,
870 4033 1005 4109 quamvis
1028 4033 1151 4106 placeat
1183 4032 1213 4086 in
1237 4050 1270 4086 ea
1292 4032 1322 4088 in
1346 4049 1417 4087 arce
1439 4036 1535 4086 stulu·-

230 4135 297 4194 tum,
332 4132 517 4188 constructio
553 4134 712 4190 verborum
743 4152 791 4190 me
824 4133 975 4208 prohibet,
1014 4152 1084 4190 narn
1119 4132 1159 4211 ese
1181 4132 1334 4207 flagitatur
1366 4140 1417 4189 aut
1447 4135 1537 4188 esmee'

232 4239 285 4286 aut
307 4233 544 4305 praepositionis
568 4236 795 4304 adminiculum,
817 4236 1039 4292 nominativum
1061 4235 1152 4310 igitur
1174 4234 1272 4290 neutri
1295 4251 1432 4307 agnosco
1456 4226 1534 4308 (erse

231 4331 295 4386 edek
318 4332 361 4397 id,
399 4353 445 4389 ere
467 4335 530 4390 erek
553 4333 591 4410 is)
629 4345 660 4393 et
689 4355 859 4429 pronpmen
882 4355 951 4393 cum
982 4337 1074 4393 verbo
1111 4336 1249 4410 proximo
1283 4336 1437 4392 adiectum
1459 4351 1532 4391 esse

230 4432 353 4505 opinor,
372 4434 413 4491 ad
447 4437 678 4510 explanandum
711 4439 848 4513 superius
882 4438 1070 4495 enuntiatum
1111 4436 1407 4510 absolvendumque:
1444 4434 1531 4492 locus

231 4531 340 4591 effatus
376 4535 406 4590 in
430 4553 490 4610 quo
513 4539 743 4596 tabernaculum
767 4539 886 4619 capitur
908 4539 985 4600 arcis
1012 4538 1158 4616 piandae,
1189 4538 1213 4594 is
1236 4537 1321 4594 locus
1344 4535 1532 4595 constitutus
1558 4561 1561 4567 ·

229 4632 274 4691 sic
296 4635 515 4697 determinatus
535 4645 591 4702 est,
