3742 5364
234 351 344 412 vlnel
361 353 439 412 luat
852 357 911 413 102

233 532 338 613 popie
371 543 464 595 totar
488 533 648 607 Iioviuar,
668 532 671 614 1
693 544 767 597 tote
789 535 856 596 Ito·
870 559 895 598 or
910 539 1040 594 civitatis
1057 537 1213 611 Iguviuae‚
1228 530 1232 612 i
1248 539 1362 596 civitati
1378 539 1543 614 Iguvinae,

235 632 325 705 vine,
349 654 409 695 ero
432 654 535 696 uerus
559 635 669 696 sihitir
693 632 857 708 an'sihitir,
910 656 1016 694 eorum
1043 639 1229 713 principibus
1253 640 1360 696 cinctis
1382 641 1542 709 incinctis,

235 733 346 796 iovies
382 734 531 795 hostatir
566 735 750 808 anastatir,
797 754 856 795 ero
909 739 1054 796 militibus
1077 739 1205 796 hastatis
1228 739 1400 808 inhastatis,
1429 758 1543 798 eorum

234 854 369 907 uomne,
402 856 480 896 erar
505 835 647 897 uomue'.
694 856 760 916 ape
784 845 858 897 este
909 843 1033 908 nomini,
1073 843 1138 897 eius
1174 835 1313 900 uomini‘.
1363 844 1414 900 ubi
1451 845 1541 901 istud

236 935 462 1010 dersicurent,
498 934 590 1016 euol
623 937 717 998 deitu
750 935 856 998 ‘etato
910 943 1050 1011 dixerint,
1088 951 1152 999 tum
1183 934 1187 1018 Ι
1221 943 1316 999 dicito
1350 937 1438 1000 ‘itote
1465 944 1541 1020 Igu·

228 1145 346 1218 ploratu
368 1152 400 1198 et
415 1143 533 1215 pultato
568 1160 628 1216 qua
662 1142 756 1198 latina
789 1143 867 1198 iuter
900 1160 932 1197 se
965 1149 1057 1197 cretos
1079 1153 1111 1199 ct
1134 1149 1227 1199 certus
1260 1145 1429 1203 coniuncta
1453 1156 1539 1215 sunt,

234 1262 327 1319 posse
351 1262 424 1317 ergo
440 1244 607 1315 preplolatu
630 1243 800 1316 comparari
824 1261 893 1299 cum
910 1244 1094 1316 propulsato.
1138 1244 1168 1300 in
1185 1262 1272 1301 versu
1290 1245 1405 1301 Afranii
1421 1248 1484 1305 327
1499 1247 1538 1306 R.

235 1346 266 1399 in
289 1344 435 1400 Nortr'nos
457 1344 515 1400 iam
541 1350 679 1416 quantum
696 1350 761 1418 pole
777 1345 931 1416 explodam
947 1344 1088 1399 horarium
1105 1350 1137 1399 ul
1149 1345 1249 1401 or'lr'cet
1270 1347 1344 1402 satis
1365 1346 1541 1403 insolenter

234 1464 271 1501 ac
294 1446 424 1502 moleste
447 1446 602 1517 explodam
624 1447 769 1519 scriptum
792 1455 840 1501 est
862 1462 917 1519 pro
941 1445 1089 1517 expellam
1112 1445 1218 1517 er'cram,
1243 1445 1359 1520 fuitque
1383 1450 1540 1521 cumdu-

234 1546 374 1615 bitarem‚
398 1548 469 1620 quia
493 1564 509 1601 e
532 1545 678 1601 Leidensi
701 1547 810 1601 codice
833 1553 991 1600 enotatum
1016 1545 1075 1600 vidi
1098 1547 1264 1618 expletam,
1298 1549 1445 1605 an'aliud
1461 1558 1539 1605 'ver-

234 1648 306 1703 bum
328 1656 422 1720 poeta
446 1665 483 1702 ex
507 1664 648 1702 sermone
672 1646 786 1720 volgari
812 1647 997 1719 arripuisset,
1030 1653 1133 1702 tamen
1157 1648 1250 1703 etiam
1274 1650 1359 1722 apud
1381 1648 1539 1707 Senecam

234 1765 319 1805 cous.
342 1750 383 1804 ad
406 1749 555 1805 Marciam
580 1749 659 1813 10,6
684 1748 823 1803 homines
848 1748 952 1804 luctati
976 1766 1045 1804 cum
1070 1748 1212 1805 fluctibus
1244 1751 1274 1805 iu
1297 1749 1368 1806 litus
1390 1751 1563 1808 dicuntur·

234 1850 368 1924 explodi.
414 1850 445 1904 in
468 1848 563 1904 Marci
596 1849 757 1921 euangelio
787 1850 815 1915 9,
831 1850 868 1906 18
899 1844 1034 1923 ῥήσσειν
1066 1849 1188 1921 spiritus
1219 1849 1343 1923 inpurus
1378 1848 1540 1908 hominem

234 1950 382 2016 scribitur,
420 1951 450 2006 in
473 1951 612 2006 versione
636 1949 752 2006 codicis
776 1948 1037 2024 Cantabrigieusis
1061 1951 1228 2022 applotore,
1250 1951 1281 2006 iu
1304 1949 1437 2024 Vulgata
1460 1952 1539 2007 alli·

235 2053 300 2107 dere
324 2048 530 2125 (Roeuschius
554 2052 594 2107 de
620 2050 697 2107 Itala
720 2068 749 2124 p.
764 2047 847 2117 213).
892 2050 993 2124 potuit
1015 2051 1105 2124 igitur
1128 2060 1190 2106 tam
1216 2051 1337 2124 explora
1361 2068 1455 2125 quam
1480 2070 1538 2108 ex-

228 2154 319 2226 pulsa
341 2152 454 2209 latinae
477 2152 558 2226 plebi
578 2152 705 2207 suboriri
728 2161 759 2206 et
780 2153 952 2226 promiscue
978 2160 1140 2225 utrumque
1164 2152 1310 2224 usurpari.

334 2254 465 2311 Romani
489 2270 635 2326 cumpro
658 2270 690 2308 re
713 2253 835 2327 publiea
859 2253 1090 2326 legionibusque
1114 2271 1146 2308 se
1170 2254 1336 2321 devovent,
1363 2255 1442 2312 deos
1464 2273 1538 2328 pre·

234 2364 340 2413 cantur
365 2362 398 2410 at
411 2356 519 2429 poprelo
540 2372 662 2410 romono
688 2352 848 2422 Quz'rr'tzam
876 2356 936 2410 oz'ra
961 2356 1167 2427 ot'ciorr'amqae
1193 2361 1368 2428 prosperent
1386 2355 1540 2430 hostesque

228 2458 339 2530 populi
357 2457 476 2512 romani
497 2454 658 2524 Quaedam
681 2461 794 2511 terrare
808 2455 974 2533 formidine
996 2463 1137 2529 morteque
1160 2453 1298 2529 afficiant
1317 2451 1433 2534 (Livius
1456 2455 1539 2515 VIII

234 2559 262 2624 9,
277 2557 318 2629 7).
365 2556 546 2613 Vmbrorum
569 2556 627 2612 hae
662 2573 770 2630 preces
801 2574 838 2611 eo
871 2557 1049 2628 discrepant
1086 2557 1171 2629 quod
1201 2557 1367 2630 perniciem
1398 2555 1539 2616 hostium

233 2659 332 2731 priore
357 2657 426 2713 loco
442 2666 560 2732 petunt,
583 2659 753 2731 posteriore
770 2674 855 2713 suam
876 2658 1013 2714 salutem.
1048 2658 1269 2714 exsecrationis
1286 2657 1415 2715 formula
1432 2676 1538 2734 aeque

233 2776 346 2816 canora
368 2768 400 2815 et
422 2760 564 2833 religiosa
587 2759 616 2813 iu
641 2759 740 2814 latinis
764 2758 868 2814 litteris
891 2775 953 2814 nou
978 2767 1077 2815 extat:
1103 2776 1284 2834 oppugnans
1302 2758 1456 2814 civitatem
1479 2759 1539 2815 im·

232 2869 356 2934 perator
378 2861 455 2916 deos
480 2861 588 2933 quibus
611 2860 660 2915 illa
682 2861 712 2914 iu
736 2861 831 2916 tutela
847 2869 894 2915 est
912 2860 955 2915 sic
978 2867 1088 2915 evocat
1111 2859 1162 2915 abs
1184 2860 1228 2914 las
1250 2858 1360 2914 abeatis
1382 2858 1462 2931 eique
1476 2868 1538 2932 po-

225 2963 300 3034 pulo
324 2962 440 3016 civitati
469 2967 568 3016 aretum
592 2960 784 3038 formidinem
806 2959 976 3016 oblzot'onear
1000 2962 1139 3026 inr'cialrs,
1173 2978 1243 3015 mox
1279 2959 1385 3015 urbem
1415 2961 1537 3018 exerci-

232 3071 357 3134 tumque
381 3062 424 3117 sic
448 3063 579 3117 devovet
610 3060 816 3135 Carthaginem
848 3062 1059 3134 erercr'lumqae
1083 3080 1163 3134 quem
1188 3080 1237 3134 ego
1259 3079 1301 3116 me
1314 3059 1402 3115 sentia
1426 3061 1537 3130 dr'cere,

223 3159 308 3237 fuga
324 3158 493 3236 formidine
515 3168 682 3235 terroreque
705 3163 869 3234 conpleolr's
895 3181 931 3218 ac
955 3163 1069 3217 deiude
1102 3181 1147 3217 eos
1175 3162 1263 3218 hostes
1285 3178 1385 3233 eosque
1405 3159 1538 3217 homenes

232 3262 393 3327 obduratas,
426 3265 533 3318 lunulae
557 3272 661 3336 supero
687 3265 824 3336 privent,
848 3265 943 3336 capilo
968 3270 1129 3337 aetatesque
1158 3282 1254 3335 eoram
1289 3265 1405 3318 devolas
1439 3279 1536 3317 conse·

232 3369 384 3436 cratesque
405 3363 550 3419 habeatis:
588 3364 751 3437 particulas
775 3366 915 3438 adposui,
952 3374 1018 3421 tota
1052 3365 1257 3421 transcribere
1290 3364 1424 3420 cannina
1446 3363 1536 3420 uolui

231 3482 299 3521 curu
322 3467 500 3539 praesertim
524 3483 586 3521 uon
609 3473 727 3522 tautam
749 3484 822 3541 prae
845 3483 878 3521 se
902 3466 999 3522 ferant
1016 3476 1163 3541 quantam
1179 3466 1392 3523 Sammonicus
1414 3465 1445 3520 iu
1461 3463 1536 3522 illla-

231 3566 325 3622 crobii
349 3576 405 3626 sat.
429 3567 507 3625 1119
527 3567 683 3642 professus
707 3576 753 3624 est
775 3576 968 3626 vetustatem.
1015 3568 1098 3624 velut
1127 3586 1230 3642 neque
1263 3569 1305 3624 ita
1339 3569 1400 3624 late
1434 3569 1536 3642 serpit

231 3671 443 3726 arluominatio
467 3690 526 3728 uec
548 3672 691 3728 notiones
714 3682 745 3726 et
768 3671 917 3727 vocabula
943 3671 1094 3726 cinctutos
1120 3668 1276 3743 Cethegus
1299 3679 1329 3726 et
1352 3668 1473 3725 Albano
1502 3671 1536 3728 in

230 3780 335 3826 monte
360 3772 476 3828 locutas
499 3772 604 3828 illusas
628 3773 777 3829 redolent.
801 3789 974 3827 remansere
998 3789 1070 3826 vero
1094 3771 1214 3844 priscae
1238 3779 1270 3826 et
1292 3771 1438 3844 copiosae
1460 3786 1535 3828 ora·

230 3873 321 3928 tionis
344 3874 437 3929 multa
463 3873 599 3946 vestigia,
634 3874 663 3928 iu
687 3872 733 3928 his
755 3873 849 3928 etiam
873 3873 1044 3945 composita
1060 3873 1191 3944 populus
1215 3871 1381 3942 cz‘oitasque.
1426 3869 1535 3928 formi-

230 3974 318 4031 dines
341 3976 371 4029 iu
395 3974 449 4030 illis
474 3975 656 4030 carminibus
680 3991 742 4031 non
766 3970 964 4029 recensentur
988 3972 1138 4028 caelestes
1169 3981 1221 4026 aut
1249 3971 1409 4045 physicae,
1444 3970 1534 4028 inve·

229 4074 353 4129 uiuutur
375 4084 477 4130 autem
500 4077 529 4130 in
553 4075 621 4149 lege
643 4075 767 4148 Begoae
802 4092 863 4147 qua
892 4075 1091 4128 terminorum
1123 4072 1259 4127 sancitur
1280 4071 1357 4127 fides
1380 4068 1534 4128 inviolata

230 4171 370 4248 (gromat.
393 4194 421 4249 p.
435 4178 492 4234 351
519 4173 674 4250 Lachmi:
710 4176 761 4249 qui
788 4176 952 4248 contigerit
976 4175 1137 4231 terminum
1160 4174 1363 4246 moveritque,
1399 4171 1534 4228 damna·

230 4275 309 4331 bitur
332 4296 350 4333 a
373 4278 431 4344 dis,
466 4278 583 4334 scelere
607 4279 672 4333 eius
697 4278 806 4332 domus
840 4277 1041 4351 extirpabitur
1074 4291 1212 4349 gensque
1249 4273 1347 4328 omnis
1381 4271 1532 4342 interibit,

230 4386 309 4434 terra
332 4398 350 4434 a
373 4381 606 4453 tempestatibus
630 4390 661 4436 el
686 4379 857 4435 turbinibus
890 4379 1070 4445 movebitur,
1104 4378 1218 4434 fructus
1254 4374 1450 4432 decutieutur
1473 4373 1533 4432 im·
1614 4380 1619 4388 ”

230 4480 333 4538 bribus
355 4492 448 4556 atque
471 4482 630 4555 grandine,
655 4480 801 4538 caniculis
823 4490 854 4536 et
876 4482 1015 4553 robigine
1039 4481 1194 4537 occident.

329 4586 367 4641 62
402 4585 463 4640 eius
485 4583 605 4642 aomt'az'.
650 4583 709 4638 hoe
731 4573 901 4656 pronomen
936 4583 959 4637 si
992 4581 1119 4656 ambigis
1150 4591 1218 4637 utro
1247 4580 1286 4636 sit
1318 4579 1533 4655 referendum,

230 4703 300 4741 erar
322 4703 383 4742 nou
406 4694 496 4760 potes
518 4685 576 4739 nisi
599 4685 711 4740 civitati
736 4685 980 4741 accommodare.
