3742 5364
755 351 795 412 33
1328 346 1428 412 VA14

107 530 329 612 ¹plenasierl
351 529 509 593 urnasier
529 530 680 594 uhtretie
702 531 896 596 K.unariis
943 533 952 606 l
995 537 1122 595 umariis
1166 537 1348 596 auctoritate
1392 538 1427 597 C.

126 632 166 694 T.
190 630 358 694 Kluviier.
386 630 618 713 kumnahlkle
640 632 750 694 Atiie·
803 635 889 695 Cluvi
925 638 962 696 T.
1002 637 1042 696 f.:
1107 641 1249 714 conlegio
1268 633 1273 715 Ι
1293 639 1428 711 Atiedi0‚

126 732 191 806 die,
229 733 316 796 ukre
340 731 523 796 eikvasese
557 731 751 813 Atiiedier,l
802 739 863 794 arei
899 740 985 813 pagis
1021 740 1162 808 Atiediis‚
1192 736 1196 814 l
1229 739 1280 796 ubi
1321 740 1428 814 inpen-

127 854 194 915 ape
218 832 365 915 apelust,
388 835 553 896 muneklu
564 834 669 896 habia
690 853 750 894 nu·
803 840 895 908 derit,
940 842 1151 898 munusculum
1187 841 1304 899 habeat
1340 859 1428 898 num-

125 932 215 1016 merl
236 954 363 1016 prever
384 933 479 1015 pusti
500 933 693 1008 kastruvuf‚
716 944 752 997 et
801 940 859 997 mis
890 933 894 1018 l
927 941 1052 1016 singulis
1088 942 1119 999 in
1153 941 1275 1011 fundos,
1313 951 1345 1001 et
1377 942 1429 999 ubi

126 1141 266 1210 denari0,
298 1142 327 1197 ri
343 1141 539 1198 holocaustum
559 1141 606 1198 bis
636 1149 765 1210 tantum,
793 1152 851 1216 pro
873 1161 982 1199 corona
1005 1161 1033 1202 e.
1059 1143 1149 1214 IJJJ,
1165 1153 1225 1219 pro
1250 1146 1375 1202 calidam
1397 1145 1428 1201 in

124 1241 263 1299 hominem
286 1261 314 1300 α.
340 1243 385 1300 II
399 1238 491 1319 (CIL.
513 1242 556 1298 VI
578 1237 662 1318 820).
705 1242 841 1301 hicnon
874 1262 929 1319 pro
967 1244 1090 1302 homine
1123 1247 1252 1323 pretium
1285 1247 1430 1305 statuitur

126 1345 185 1400 sed
207 1344 309 1416 purtim
331 1342 498 1421 kaslrnvnf
513 1341 655 1400 Casilatis
679 1341 828 1400 Clavernii
862 1352 920 1404 cet.
956 1362 1034 1418 quos
1066 1345 1135 1403 tulit
1171 1364 1243 1405 suus
1277 1365 1428 1422 quemque

125 1438 234 1501 ‘avitus
265 1453 338 1519 apto
370 1461 440 1501 cum
477 1445 539 1500 lare
573 1438 703 1503 fundus’.
748 1444 779 1500 in
802 1445 863 1504 tab.
886 1445 929 1501 Vl
951 1445 1003 1502 viri
1037 1465 1152 1521 pecora
1174 1454 1291 1505 caslrno
1314 1449 1427 1522 fruges

125 1545 264 1602 Bantiae'
278 1547 406 1602 meddix
428 1546 485 1602 civi
507 1546 590 1601 diem
612 1545 688 1602 dicit
712 1551 836 1603 casirms
856 1553 908 1604 aut
931 1547 1033 1606 ednas.

228 1665 316 1704 versu
341 1649 378 1706 15
402 1646 578 1703 knmnnhkle
610 1646 714 1703 fictum
744 1656 792 1704 est
825 1648 863 1704 ab
886 1664 925 1705 eo
958 1648 1082 1706 nomine
1104 1651 1189 1724 quod
1219 1651 1281 1724 tab.
1304 1650 1318 1706 Ι
1341 1650 1365 1707 Β
1388 1654 1426 1709 41

127 1749 239 1824 legitur
259 1757 345 1822 super
366 1749 469 1808 kumne
490 1749 586 1805 idest
607 1765 700 1823 supra
723 1749 910 1817 contionem,
934 1767 989 1823 pro
1012 1750 1148 1808 comitio,
1191 1769 1249 1807 nec
1270 1751 1428 1825 declinatu

126 1839 291 1906 diversum
304 1851 432 1919 videtur,
456 1858 543 1923 snper
564 1849 646 1906 enim
660 1867 765 1906 casum
788 1851 917 1908 adducit
936 1851 1101 1908 locativum
1123 1850 1166 1907 IV
1180 1853 1229 1918 17,
1252 1860 1283 1908 et
1304 1870 1359 1926 par
1381 1860 1428 1908 est

126 1951 300 2025 significatu
328 1968 442 2008 nomen
464 1969 570 2008 oscum
593 1970 669 2008 osca
694 1969 762 2008 cum
783 1951 946 2026 epenthesi
970 1971 1111 2008 romonem
1135 1954 1260 2011 romenei.
1305 1961 1429 2028 etymon

126 2051 294 2126 principale
317 2070 381 2120 cem,
406 2053 450 2108 sic
471 2052 588 2109 dietum
610 2049 648 2111 τὸ
671 2048 789 2127 κοινόν,
818 2053 891 2109 inde
915 2054 1090 2109 cemnaclom
1113 2053 1359 2110 conventiculum
1381 2054 1428 2110 vel

130 2153 305 2226 collegium,
330 2161 363 2210 ut
386 2154 480 2211 latina
502 2154 651 2211 vocabula
673 2155 788 2211 adfinia
810 2154 853 2212 sic
876 2155 1047 2211 umbricum
1069 2163 1100 2212 et
1123 2155 1320 2212 sodalitatem
1333 2155 1429 2211 deno-

126 2262 174 2312 tat
196 2263 228 2310 et
251 2271 313 2327 quo
337 2255 462 2312 sodales
490 2255 675 2313 conveniant
696 2255 740 2312 Ill
764 2259 791 2325 7,
815 2258 843 2314 8.
887 2257 991 2313 dativo
1016 2275 1088 2314 casu
1111 2257 1189 2314 baec
1211 2256 1314 2314 omnia
1336 2256 1428 2312 verba

125 2356 227 2429 posita
249 2363 324 2429 puto
347 2357 399 2430 qui
422 2357 538 2413 indicet
561 2373 649 2412 sacra
669 2356 751 2413 sacta
775 2356 894 2430 collegii
913 2358 1025 2414 montis
1048 2375 1197 2432 pagorum
1212 2374 1305 2415 causa
1321 2357 1427 2431 eisque

126 2458 262 2514 dicatam
285 2475 420 2532 operam,
455 2475 641 2532 quamquam
664 2458 878 2515 declinationis
902 2459 1057 2516 umbricae
1080 2459 1287 2516 inconstantia
1320 2475 1360 2513 ne
1383 2457 1427 2514 sic

126 2558 253 2632 quidem
275 2558 417 2632 prohibet
439 2559 631 2633 interpretari
655 2559 780 2633 collegio
804 2559 914 2614 Aiiedie
934 2561 1048 2628 neentis,
1075 2561 1167 2634 pagis
1189 2559 1321 2617 Aiiediis.
1366 2558 1429 2614 Ro-

126 2678 196 2717 mae
221 2679 258 2716 ex
281 2661 493 2735 antiquissima
528 2660 609 2717 urbis
633 2660 849 2716 distributione
872 2661 1009 2717 montani
1032 2669 1063 2716 et
1096 2660 1208 2734 pagani
1231 2677 1287 2717 sua
1308 2659 1429 2732 utrique

126 2779 214 2819 sacra
237 2761 401 2820 faciebant.

228 2880 316 2919 versu
341 2866 378 2922 17
413 2862 542 2919 flaminis
573 2880 686 2919 nomen
709 2863 794 2937 quod
827 2880 889 2919 non
913 2871 1169 2920 commemoratur
1200 2862 1242 2919 ad
1262 2862 1375 2935 upelnsi
1395 2871 1427 2918 et

126 2963 215 3020 habia
238 2965 459 3021 arcessendum
478 2964 568 3021 nobis
593 2972 640 3021 est
663 2982 700 3020 ex
717 2965 843 3021 decreto
869 2966 1034 3040 superiore.
1079 2965 1122 3022 sic
1146 2963 1177 3020 in
1199 2962 1257 3019 Xll
1278 2964 1308 3018 ri
1326 2964 1356 3019 in
1381 2964 1428 3018 ius

126 3072 211 3123 vocet
228 3067 275 3122 vel
296 3067 324 3122 ri
333 3062 455 3141 surium
469 3064 566 3143 senii
597 3066 663 3122 sine
686 3066 858 3123 nominibus
891 3066 1029 3140 plurima.
1073 3065 1213 3123 nimirum
1236 3072 1299 3121 tum
1321 3081 1428 3121 omnes

128 3168 267 3224 sciebant
301 3167 463 3224 ailamine
497 3167 615 3241 collegii
647 3168 817 3241 perpetrari
849 3167 906 3224 tria
929 3184 1010 3241 quae
1033 3167 1180 3241 deinceps
1213 3173 1429 3222 enumerantur

128 3287 242 3343 genera
265 3286 431 3335 sacrorum,
463 3269 635 3343 dequibus
659 3268 683 3323 si
708 3285 771 3323 non
794 3276 942 3342 quantum
965 3267 1039 3324 satis
1062 3276 1111 3324 est
1133 3276 1164 3323 at
1186 3266 1302 3341 aliquid
1324 3275 1428 3323 tamen

129 3370 250 3427 elfieere
281 3370 352 3426 licet
374 3388 413 3427 ex
434 3369 546 3426 tabulis
570 3368 703 3442 reliquis,
748 3368 878 3443 primum
902 3369 1015 3442 apelnsl
1034 3386 1095 3443 quo
1119 3368 1257 3426 sacrificii
1290 3369 1429 3442 impensa

130 3472 254 3547 quidem
277 3472 334 3528 sed
356 3472 479 3527 minime
502 3477 684 3544 sumptuosa
707 3468 905 3542 significatur,
937 3469 1029 3526 latine
1052 3470 1217 3527 redderem
1240 3468 1432 3526 immolaverit

130 3573 155 3629 si
177 3572 237 3629 hoc
259 3573 384 3628 verbum
407 3580 470 3629 tam
504 3572 564 3629 late
588 3588 680 3646 quam
708 3571 874 3627 umbricum
906 3578 1036 3645 pateret.
1081 3588 1185 3627 verum
1213 3569 1366 3627 immolare
1387 3570 1430 3627 illi

130 3682 248 3731 tantum
272 3673 414 3730 dicuntur
436 3674 487 3747 qui
509 3690 600 3748 quam
624 3671 742 3729 caesuri
776 3679 846 3727 sunt
866 3671 1019 3728 victimam
1052 3671 1135 3729 mola
1158 3671 1239 3728 salsa
1261 3680 1429 3746 aspergunt

131 3792 166 3831 ac
187 3783 321 3842 sacrant,
356 3792 418 3831 non
440 3775 514 3831 item
536 3773 586 3848 qui
609 3773 689 3829 mola
712 3772 794 3828 salsa
823 3771 1029 3846 similibusque
1052 3773 1225 3829 libamentis
1249 3773 1322 3829 dum
1344 3781 1429 3830 taxat

132 3877 308 3950 supplicant.
353 3884 457 3932 tamen
476 3876 595 3932 Rornae
618 3892 705 3932 sacra
727 3874 809 3930 nulla
832 3881 902 3930 sunt
924 3874 990 3930 siue
1012 3874 1103 3942 mola,
1127 3874 1210 3948 apud
1226 3872 1358 3931 Vmbros
1381 3891 1430 3931 sa·

131 3994 316 4033 erurnomne
340 3982 495 4051 ampenier.
539 3976 609 4033 hinc
626 3976 707 4031 enim
729 3975 852 4032 fluxisse
874 3975 947 4031 illud
969 3975 999 4030 in
1022 3975 1158 4049 perlecto
1181 3974 1312 4031 futurum
1333 3975 1429 4032 mani·

131 4077 208 4134 sesto
232 4085 422 4151 compertum
445 4085 492 4133 est
515 4095 553 4133 ex
576 4083 689 4133 enienin
713 4078 821 4132 enielur
842 4077 857 4133 I
878 4076 902 4132 B
927 4078 976 4143 12,
1011 4076 1221 4133 confirmatum
1245 4093 1282 4132 ex
1306 4085 1430 4150 enpener

131 4178 231 4251 epelns
255 4177 283 4233 II
300 4177 383 4236 Bm.
429 4177 552 4234 verbum
576 4195 612 4233 ex
638 4178 729 4234 verbo
754 4178 786 4235 fit
807 4177 967 4251 impendere
989 4177 1165 4251 dictumque
1187 4177 1258 4233 ideo
1279 4177 1430 4246 existim0‚

132 4279 213 4352 quod
236 4279 322 4352 quasi
344 4279 531 4352 adpenditur
556 4280 616 4335 deo
640 4296 688 4335 res
712 4295 809 4346 sacra,
832 4284 865 4335 ut
885 4278 1037 4335 Arnobius
1060 4278 1112 4345 ait,
1146 4295 1213 4334 cum
1235 4278 1429 4352 pactionibus

34 4415 44 4420 -
131 4387 163 4436 et
185 4378 329 4447 formuliS,
353 4396 423 4436 cum
446 4388 618 4454 praestatur
639 4380 763 4436 offertur
784 4387 978 4453 nuncupatur
999 4379 1123 4437 ineunte
1147 4378 1304 4437 sacrificio,
1336 4387 1431 4454 atque

132 4479 222 4536 etiam
242 4479 344 4537 Latini
368 4480 552 4555 aliquotiens
574 4481 606 4536 in
632 4479 823 4538 caerimoniis
847 4480 988 4556 cultuque
1012 4481 1116 4536 divino
1140 4481 1300 4554 impendere
1322 4480 1435 4554 impen-

130 4599 189 4636 sam
221 4581 344 4654 inpense
368 4580 512 4649 scribunt,
543 4581 575 4636 in
598 4581 726 4656 figurato
762 4597 905 4637 sermone
929 4589 1087 4654 tamquam
1119 4597 1286 4656 synonyma
1312 4582 1442 4645 variant

132 4681 293 4754 impendere
324 4681 477 4737 immolare
505 4687 631 4737 macime
663 4678 797 4753 (Seneca
820 4681 978 4739 Troadum
1006 4683 1067 4744 307
1098 4685 1214 4756 qnando
1244 4683 1273 4738 in
1306 4679 1449 4755 inferias

1244 4779 1261 4828 3
