3742 5364
858 312 919 370 190

327 513 392 553 ace.
408 497 484 572 sing.
505 498 631 571 spantim
654 497 810 564 abtim-em,
832 495 945 552 sakrem
970 514 1059 564 unctu,
1079 495 1203 552 sevakne
1223 496 1356 565 sevakm}
1380 498 1539 572 stastarcm

227 597 358 671 uastare.

327 716 397 772 gen.
411 698 486 771 sing.
505 707 608 772 panes,
633 719 714 757 ocrer
733 700 867 759 sorsalz'r.
905 700 951 756 vcl
974 698 1060 756 huius
1083 699 1300 757 declinationis
1319 688 1463 774 puntiau
1479 710 1536 776 po-

229 798 351 854 nt'siater
373 807 406 856 ut
431 798 604 856 Iarsz'naler
627 801 673 856 vei
697 801 835 857 eiusdem
859 818 928 857 cum
951 801 1002 858 lat.
1026 801 1221 876 pannuceati.

330 898 387 958 au.
403 900 479 974 sing.
496 901 572 974 poni
584 910 670 975 pone,
688 902 813 975 peracri
824 902 970 975 peracrez'.
995 902 1124 975 ocri-per
1139 901 1261 976 saepius
1276 920 1372 978 quam
1388 914 1536 979 ecre-per.

329 1002 386 1059 loc.
400 1001 475 1076 sing.
498 1019 601 1058 ecre-m
625 1022 689 1059 ocre
711 1011 742 1058 et
764 1021 827 1061 acc.
845 1002 921 1076 sing.
949 1021 1041 1059 ocrem
1064 1003 1168 1077 specie
1190 1013 1373 1078 congruunt.

330 1119 411 1160 nom.
427 1101 502 1176 plur.
518 1107 634 1175 pantes,
652 1112 771 1176 pacrer.

328 1221 390 1260 acc.
406 1204 479 1279 piur.
503 1199 579 1279 aad
594 1200 670 1280 avis
685 1200 773 1280 aneis
788 1205 881 1272 crocei,
905 1204 971 1282 tres
986 1204 1051 1284 tris
1066 1204 1145 1284 treis
1160 1211 1212 1273 tre,
1236 1205 1311 1283 unes
1326 1207 1384 1267 ovi.

328 1323 398 1378 gen.
421 1305 497 1379 plur.
513 1305 656 1377 peracm'o
678 1304 720 1362 VI
733 1307 759 1363 A
772 1307 822 1373 54,
838 1307 979 1379 peracrio
1003 1306 1098 1363 vnn
1115 1307 1165 1367 51.

331 1405 395 1464 dat.
411 1405 470 1464 abl.
488 1404 564 1479 plur.
588 1423 653 1462 aves
676 1406 737 1463 avii
760 1407 847 1474 avers,
869 1407 933 1472 tris,
956 1416 1013 1465 vet.
1039 1406 1167 1464 sevakne
1187 1406 1262 1467 lvo
1285 1416 1409 1483 praeter
1431 1410 1539 1468 smak-

231 1510 286 1574 nis,
311 1508 461 1582 alites-per.

751 1671 908 1727 nominum
930 1671 961 1726 in
980 1665 1008 1728 V

230 1773 307 1830 haec
329 1780 480 1848 apparent
501 1773 656 1847 exempta:

329 1893 393 1934 acc.
408 1874 483 1948 sing.
506 1873 577 1953 [riso
602 1883 661 1931 vet.
688 1873 774 1951 insu,
797 1873 879 1930 idem
895 1882 943 1929 est
958 1872 1131 1929 nominibus
1153 1874 1184 1931 in
1201 1880 1427 1931 consonantem
1445 1882 1538 1930 auto

230 1975 421 2043 exeuntibus
445 1974 481 2033 cf.
494 1984 563 2043 ,vot
587 1974 653 2031 bum
670 1975 791 2032 bovem.

328 2094 398 2150 gen.
412 2076 486 2149 sing.
511 2075 598 2155 infor
620 2076 745 2146 tribum,
771 2074 809 2132 ci.
833 2092 938 2132 oscum
962 2081 1102 2139 castrovs,
1126 2075 1209 2133 Suet.
1224 2075 1300 2148 Aug.
1314 2076 1354 2132 87
1377 2074 1502 2134 domos.

330 2178 393 2235 dat.
407 2176 486 2250 sing.
510 2172 596 2252 lrzso,
624 2176 699 2233 item
726 2174 817 2231 Trebo
840 2184 871 2232 et
899 2175 965 2232 Fz'so
987 2193 1042 2250 pro
1067 2175 1176 2250 quibus
1207 2183 1265 2235 vet.
1297 2173 1387 2231 Trebe
1407 2183 1442 2232 et
1464 2176 1539 2233 Fisc

231 2280 417 2354 seripserunt
439 2276 595 2334 declinata
617 2295 636 2334 a
659 2275 761 2332 Treba
784 2274 897 2349 Treb0,
923 2276 961 2332 ab
985 2275 1037 2334 illa
1059 2277 1154 2351 stirpe
1176 2283 1346 2351 prognatus
1368 2283 1417 2333 est
1441 2275 1537 2333 Fiso·

230 2380 304 2438 vius.
349 2379 470 2436 accedit
493 2388 550 2436 vet.
574 2377 652 2436 ablu.

331 2479 389 2540 abl.
403 2479 479 2554 sing.
504 2478 589 2534 mani
608 2477 762 2551 adpatrali
780 2475 854 2550 trefi,
878 2476 1056 2556 fratruele,
1086 2476 1117 2533 in
1140 2475 1286 2534 Asisinati
1312 2474 1401 2534 titulo
1424 2494 1534 2534 maro-

230 2581 313 2637 nalet'
331 2577 375 2653 (in
398 2579 458 2635 alio
480 2576 658 2654 maronam),
681 2577 718 2636 cf.
742 2595 848 2635 oscum
870 2577 989 2636 castrid.

329 2697 385 2754 pro
408 2680 465 2737 loc.
479 2679 555 2753 sing.
579 2687 626 2736 est
649 2697 770 2736 nranuve
789 2678 819 2734 in
843 2696 944 2736 manu.

330 2799 395 2840 acc.
417 2780 493 2855 plur.
526 2786 641 2836 caslruo
677 2788 736 2839 vet.
759 2779 927 2859 kastruvus
950 2779 1102 2849 karnaim,
1136 2799 1174 2837 err
1202 2781 1395 2855 correptione
1432 2779 1536 2857 mans.

230 2890 370 2939 neutrum
392 2881 468 2956 plur.
492 2887 578 2939 vetuo
601 2880 660 2957 (VI
677 2881 700 2938 B
719 2882 757 2939 45
780 2876 879 2957 valae)
913 2889 972 2939 vet.
999 2886 1106 2938 vatuoa
1128 2888 1246 2950 vatium,
1276 2898 1330 2956 per
1358 2898 1538 2957 syncopam

230 2993 289 3042 vet.
312 2982 399 3040 berna
421 2992 453 3040 et
476 2982 606 3040 fortasse
628 3001 687 3040 rec.
704 2990 811 3057 pequu

329 3085 392 3143 dat.
407 3082 465 3143 abi.
478 3083 552 3157 plur.
576 3082 670 3142 herus.

653 3268 808 3325 nominum
830 3269 861 3324 in
884 3274 1106 3325 consonantem

641 3389 716 3462 sing.
1068 3389 1144 3463 plur.

529 3527 610 3566 nom.
629 3515 718 3581 pater
1057 3514 1147 3582 pater

529 3630 590 3670 acc.
629 3617 719 3685 patro
1042 3607 1177 3689 *patrus

528 3732 597 3789 gen.
628 3719 735 3787 patrer
1057 3717 1174 3786 patroni

529 3816 592 3874 dat.
628 3821 717 3889 patre
1057 3819 1166 3887 patrus

528 3917 586 3975 abi.
628 3921 716 3990 patre

327 4034 436 4082 neutra
457 4043 538 4084 nom.
555 4044 619 4083 ace.
637 4026 713 4099 sing.
725 4022 789 4099 sar
805 4026 861 4098 pir
885 4030 964 4092 ulur,
995 4044 1108 4094 nomen,
1138 4025 1250 4098 tuplak,
1281 4026 1355 4080 mertr
1375 4041 1428 4080 vas
1452 4043 1533 4084 erus.

228 4126 301 4183 item
324 4127 408 4182 luder
430 4126 488 4184 abl.
505 4127 577 4200 plur.
601 4127 728 4194 luderes,
752 4126 810 4182 sed
832 4143 914 4184 nom.
931 4144 996 4182 ace.
1013 4127 1088 4201 plur.
1114 4127 1234 4182 luderor
1256 4125 1357 4181 tudere
1379 4131 1534 4198 tanquam

229 4225 285 4282 fori
309 4225 400 4284 foros.
446 4226 554 4283 debuit
577 4227 701 4302 quidem
724 4226 816 4283 etiam
840 4226 871 4282 in
898 4236 1008 4283 neutro
1036 4245 1150 4301 genere
1173 4244 1256 4284 nom.
1277 4243 1342 4282 acc.
1363 4223 1439 4297 plur.
1464 4222 1534 4281 fieri

228 4329 331 4386 ludera
353 4330 462 4387 tudere.

326 4448 407 4489 nom.
424 4430 500 4504 sing.
529 4428 674 4508 aufertur,
707 4429 796 4504 periit
829 4446 1004 4486 consonans
1033 4429 1062 4485 in
1085 4428 1162 4485 karu
1185 4416 1321 4500 triburia,
1357 4425 1395 4484 ci.
1419 4443 1532 4485 oscum

218 4528 402 4607 sruklatius.

328 4651 391 4693 acc.
416 4634 491 4709 sing.
519 4631 683 4712 arijerluro
705 4651 830 4689 carnaco
853 4632 975 4707 capirso,
999 4640 1057 4690 vet.
1081 4632 1191 4689 ubturu
1212 4633 1290 4688 salu.
