<?xml version="1.0" encoding="UTF-8"?>
<!DOCTYPE html PUBLIC "-//W3C//DTD XHTML 1.0 Transitional//EN"
    "http://www.w3.org/TR/xhtml1/DTD/xhtml1-transitional.dtd">
<html xmlns="http://www.w3.org/1999/xhtml" xml:lang="en" lang="en">
 <head>
  <title>
</title>
<meta http-equiv="Content-Type" content="text/html;charset=utf-8" />
  <meta name='ocr-system' content='tesseract 3.04.00' />
  <meta name='ocr-capabilities' content='ocr_page ocr_carea ocr_par ocr_line ocrx_word'/>
</head>
<body>
  <div class='ocr_page' id='page_1' title='image "./vmbricainterpre00buecgoog_0062.png"; bbox 0 0 3742 5364; ppageno 0'>
   <div class='ocr_carea' id='block_1_1' title="bbox 230 330 900 391">
    <p class='ocr_par' dir='ltr' id='par_1_1' title="bbox 230 330 900 391">
     <span class='ocr_line' id='line_1_1' title="bbox 230 330 900 391; baseline 0 -4"><span class='ocrx_word' id='word_1_1' title='bbox 230 330 419 391; x_wconf 73' lang='grc' dir='ltr'>νΙΑ2ΟΙΑ2</span> <span class='ocrx_word' id='word_1_2' title='bbox 860 331 900 388; x_wconf 89' lang='grc'><strong>52</strong></span> 
     </span>
    </p>
   </div>
   <div class='ocr_carea' id='block_1_2' title="bbox 230 508 1537 1202">
    <p class='ocr_par' dir='ltr' id='par_1_2' title="bbox 230 508 1536 895">
     <span class='ocr_line' id='line_1_2' title="bbox 230 508 1534 590; baseline -0.005 -17"><span class='ocrx_word' id='word_1_3' title='bbox 230 530 272 573; x_wconf 87' lang='lat' dir='ltr'><strong>eo</strong></span> <span class='ocrx_word' id='word_1_4' title='bbox 295 508 348 572; x_wconf 84' lang='lat' dir='ltr'><strong>iso</strong></span> <span class='ocrx_word' id='word_1_5' title='bbox 372 511 528 582; x_wconf 88' lang='lat' dir='ltr'><strong>ostendu‚</strong></span> <span class='ocrx_word' id='word_1_6' title='bbox 552 509 630 590; x_wconf 90' lang='lat' dir='ltr'><strong>pusi</strong></span> <span class='ocrx_word' id='word_1_7' title='bbox 652 509 706 589; x_wconf 87' lang='lat' dir='ltr'><strong>pir</strong></span> <span class='ocrx_word' id='word_1_8' title='bbox 728 518 854 590; x_wconf 89' lang='lat' dir='ltr'><strong>pureto</strong></span> <span class='ocrx_word' id='word_1_9' title='bbox 906 532 962 571; x_wconf 86' lang='lat' dir='ltr'><strong>eos</strong></span> <span class='ocrx_word' id='word_1_10' title='bbox 985 514 1199 582; x_wconf 88' lang='lat' dir='ltr'><strong>sicadhibeto,</strong></span> <span class='ocrx_word' id='word_1_11' title='bbox 1222 523 1256 570; x_wconf 92' lang='lat' dir='ltr'><strong>ut</strong></span> <span class='ocrx_word' id='word_1_12' title='bbox 1277 516 1379 589; x_wconf 82' lang='lat' dir='ltr'><strong>ignem</strong></span> <span class='ocrx_word' id='word_1_13' title='bbox 1402 513 1442 571; x_wconf 88' lang='lat' dir='ltr'><strong>ab</strong></span> <span class='ocrx_word' id='word_1_14' title='bbox 1458 513 1534 586; x_wconf 76' lang='lat' dir='ltr'><strong>igne</strong></span> 
     </span>
     <span class='ocr_line' id='line_1_3' title="bbox 230 609 1535 689; baseline -0.002 -16"><span class='ocrx_word' id='word_1_15' title='bbox 230 609 339 674; x_wconf 87' lang='lat' dir='ltr'><strong>cehefi</strong></span> <span class='ocrx_word' id='word_1_16' title='bbox 374 609 440 673; x_wconf 85' lang='lat' dir='ltr'><strong>dia.</strong></span> <span class='ocrx_word' id='word_1_17' title='bbox 490 630 589 673; x_wconf 88' lang='lat' dir='ltr'><strong>surur</strong></span> <span class='ocrx_word' id='word_1_18' title='bbox 621 609 758 673; x_wconf 87' lang='lat' dir='ltr'><strong>verisco</strong></span> <span class='ocrx_word' id='word_1_19' title='bbox 788 610 857 673; x_wconf 86' lang='lat' dir='ltr'><strong>Te·</strong></span> <span class='ocrx_word' id='word_1_20' title='bbox 907 616 1112 672; x_wconf 89' lang='lat' dir='ltr'><strong>accendendo</strong></span> <span class='ocrx_word' id='word_1_21' title='bbox 1124 615 1300 674; x_wconf 88' lang='lat' dir='ltr'><strong>inflammet.</strong></span> <span class='ocrx_word' id='word_1_22' title='bbox 1323 616 1397 672; x_wconf 89' lang='lat' dir='ltr'><strong>item</strong></span> <span class='ocrx_word' id='word_1_23' title='bbox 1410 615 1452 671; x_wconf 92' lang='lat' dir='ltr'><strong>ad</strong></span> <span class='ocrx_word' id='word_1_24' title='bbox 1461 632 1535 689; x_wconf 92' lang='lat' dir='ltr'><strong>por·</strong></span> 
     </span>
     <span class='ocr_line' id='line_1_4' title="bbox 231 709 1536 793; baseline -0.002 -18"><span class='ocrx_word' id='word_1_25' title='bbox 231 711 377 776; x_wconf 89' lang='lat' dir='ltr'><strong>sonocir.</strong></span> <span class='ocrx_word' id='word_1_26' title='bbox 422 731 522 775; x_wconf 87' lang='lat' dir='ltr'><strong>surur</strong></span> <span class='ocrx_word' id='word_1_27' title='bbox 563 714 567 789; x_wconf 89' lang='grc' dir='ltr'>Ι</span> <span class='ocrx_word' id='word_1_28' title='bbox 613 710 749 774; x_wconf 88' lang='lat' dir='ltr'><strong>veriseo</strong></span> <span class='ocrx_word' id='word_1_29' title='bbox 786 710 856 773; x_wconf 90' lang='lat' dir='ltr'><strong>Ve·</strong></span> <span class='ocrx_word' id='word_1_30' title='bbox 907 723 969 773; x_wconf 87' lang='lat' dir='ltr'><strong>tam</strong></span> <span class='ocrx_word' id='word_1_31' title='bbox 992 714 1194 775; x_wconf 86' lang='lat' dir='ltr'><strong>Tesenacam.</strong></span> <span class='ocrx_word' id='word_1_32' title='bbox 1217 716 1292 773; x_wconf 87' lang='lat' dir='ltr'><strong>item</strong></span> <span class='ocrx_word' id='word_1_33' title='bbox 1327 709 1392 793; x_wconf 75' lang='lat' dir='ltr'><strong>lad</strong></span> <span class='ocrx_word' id='word_1_34' title='bbox 1409 724 1536 791; x_wconf 90' lang='lat' dir='ltr'><strong>portam</strong></span> 
     </span>
     <span class='ocr_line' id='line_1_5' title="bbox 230 811 1065 895; baseline -0.006 -19"><span class='ocrx_word' id='word_1_35' title='bbox 230 811 342 895; x_wconf 74' lang='lat' dir='ltr'><strong>hieir.l</strong></span> <span class='ocrx_word' id='word_1_36' title='bbox 869 827 894 866; x_wconf 72' lang='lat'><strong>22</strong></span> <span class='ocrx_word' id='word_1_37' title='bbox 910 815 1029 874; x_wconf 88' lang='lat' dir='ltr'><strong>Veiam.</strong></span> <span class='ocrx_word' id='word_1_38' title='bbox 1060 813 1065 892; x_wconf 73' lang='lat' dir='ltr'><strong>l</strong></span> 
     </span>
    </p>

    <p class='ocr_par' dir='ltr' id='par_1_3' title="bbox 230 911 1537 1202">
     <span class='ocr_line' id='line_1_6' title="bbox 273 911 1537 992; baseline -0.001 -15"><span class='ocrx_word' id='word_1_39' title='bbox 273 915 342 978; x_wconf 89' lang='lat' dir='ltr'><strong>Pre</strong></span> <span class='ocrx_word' id='word_1_40' title='bbox 378 914 491 978; x_wconf 87' lang='lat' dir='ltr'><strong>vereir</strong></span> <span class='ocrx_word' id='word_1_41' title='bbox 527 913 734 977; x_wconf 86' lang='lat' dir='ltr'><strong>Trebianeir</strong></span> <span class='ocrx_word' id='word_1_42' title='bbox 770 911 855 974; x_wconf 89' lang='lat' dir='ltr'><strong>Iuve</strong></span> <span class='ocrx_word' id='word_1_43' title='bbox 949 916 1032 974; x_wconf 81' lang='lat' dir='ltr'><strong>Ante</strong></span> <span class='ocrx_word' id='word_1_44' title='bbox 1072 926 1194 992; x_wconf 90' lang='lat' dir='ltr'><strong>portam</strong></span> <span class='ocrx_word' id='word_1_45' title='bbox 1237 918 1425 976; x_wconf 89' lang='lat' dir='ltr'><strong>Treblanam</strong></span> <span class='ocrx_word' id='word_1_46' title='bbox 1467 918 1537 976; x_wconf 91' lang='lat' dir='ltr'><strong>Iovi</strong></span> 
     </span>
     <span class='ocr_line' id='line_1_7' title="bbox 231 949 1537 1081; baseline 0 -3"><span class='ocrx_word' id='word_1_47' title='bbox 231 1014 409 1079; x_wconf 87' lang='lat' dir='ltr'><strong>Grabovei</strong></span> <span class='ocrx_word' id='word_1_48' title='bbox 441 1014 508 1077; x_wconf 82' lang='lat' dir='ltr'><strong>bui</strong></span> <span class='ocrx_word' id='word_1_49' title='bbox 539 1013 625 1078; x_wconf 86' lang='lat' dir='ltr'><strong>treif</strong></span> <span class='ocrx_word' id='word_1_50' title='bbox 656 1012 738 1076; x_wconf 89' lang='lat' dir='ltr'><strong>fetu.</strong></span> <span class='ocrx_word' id='word_1_51' title='bbox 791 1031 853 1075; x_wconf 91' lang='lat' dir='ltr'><strong>eso</strong></span> <span class='ocrx_word' id='word_1_52' title='bbox 907 949 1063 1081; x_wconf 67' lang='lat' dir='ltr'><strong>(habovio</strong></span> <span class='ocrx_word' id='word_1_53' title='bbox 1101 1019 1197 1076; x_wconf 89' lang='lat' dir='ltr'><strong>boves</strong></span> <span class='ocrx_word' id='word_1_54' title='bbox 1235 1018 1288 1075; x_wconf 88' lang='lat' dir='ltr'><strong>tris</strong></span> <span class='ocrx_word' id='word_1_55' title='bbox 1319 1018 1422 1078; x_wconf 84' lang='lat' dir='ltr'><strong>facito.</strong></span> <span class='ocrx_word' id='word_1_56' title='bbox 1489 1019 1537 1078; x_wconf 91' lang='lat' dir='ltr'><strong>sic</strong></span> 
     </span>
     <span class='ocr_line' id='line_1_8' title="bbox 230 1113 1537 1202; baseline -0.002 -23"><span class='ocrx_word' id='word_1_57' title='bbox 230 1127 355 1180; x_wconf 87' lang='lat' dir='ltr'><strong>naratu</strong></span> <span class='ocrx_word' id='word_1_58' title='bbox 387 1116 533 1180; x_wconf 82' lang='lat' dir='ltr'><strong>vesteis:</strong></span> <span class='ocrx_word' id='word_1_59' title='bbox 577 1113 656 1178; x_wconf 87' lang='lat' dir='ltr'><strong>‘teio</strong></span> <span class='ocrx_word' id='word_1_60' title='bbox 701 1115 855 1177; x_wconf 87' lang='lat' dir='ltr'><strong>subocau</strong></span> <span class='ocrx_word' id='word_1_61' title='bbox 907 1126 1032 1176; x_wconf 88' lang='lat' dir='ltr'><strong>narrato</strong></span> <span class='ocrx_word' id='word_1_62' title='bbox 1076 1119 1189 1202; x_wconf 75' lang='lat' dir='ltr'><strong>libans3</strong></span> <span class='ocrx_word' id='word_1_63' title='bbox 1236 1113 1277 1176; x_wconf 83' lang='lat' dir='ltr'><strong>‘te</strong></span> <span class='ocrx_word' id='word_1_64' title='bbox 1316 1119 1456 1177; x_wconf 86' lang='lat' dir='ltr'>invocavi</span> <span class='ocrx_word' id='word_1_65' title='bbox 1490 1119 1537 1177; x_wconf 94' lang='lat' dir='ltr'><strong>in·</strong></span> 
     </span>
    </p>
   </div>
   <div class='ocr_carea' id='block_1_3' title="bbox 189 1316 1603 4739">
    <p class='ocr_par' dir='ltr' id='par_1_4' title="bbox 189 1316 1603 2999">
     <span class='ocr_line' id='line_1_9' title="bbox 233 1316 1538 1400; baseline -0.002 -18"><span class='ocrx_word' id='word_1_66' title='bbox 233 1333 323 1400; x_wconf 89' lang='lat' dir='ltr'><strong>cepta</strong></span> <span class='ocrx_word' id='word_1_67' title='bbox 345 1331 521 1381; x_wconf 88' lang='lat' dir='ltr'><strong>numeratur</strong></span> <span class='ocrx_word' id='word_1_68' title='bbox 542 1322 614 1380; x_wconf 92' lang='lat' dir='ltr'><strong>illud</strong></span> <span class='ocrx_word' id='word_1_69' title='bbox 629 1322 701 1395; x_wconf 80' lang='lat' dir='ltr'><strong>pati</strong></span> <span class='ocrx_word' id='word_1_70' title='bbox 720 1319 757 1377; x_wconf 87' lang='lat' dir='ltr'><strong>ab</strong></span> <span class='ocrx_word' id='word_1_71' title='bbox 779 1321 847 1394; x_wconf 68' lang='lat' dir='ltr'><strong>z&#39;grne</strong></span> <span class='ocrx_word' id='word_1_72' title='bbox 870 1322 968 1394; x_wconf 84' lang='lat' dir='ltr'><em>ignem</em></span> <span class='ocrx_word' id='word_1_73' title='bbox 991 1330 1092 1394; x_wconf 82' lang='lat' dir='ltr'><strong>capere</strong></span> <span class='ocrx_word' id='word_1_74' title='bbox 1114 1316 1236 1396; x_wconf 88' lang='lat' dir='ltr'><strong>(Cicero</strong></span> <span class='ocrx_word' id='word_1_75' title='bbox 1260 1322 1301 1378; x_wconf 89' lang='lat' dir='ltr'><strong>de</strong></span> <span class='ocrx_word' id='word_1_76' title='bbox 1316 1317 1469 1399; x_wconf 71' lang='lat' dir='ltr'><strong>onina),</strong></span> <span class='ocrx_word' id='word_1_77' title='bbox 1492 1323 1538 1380; x_wconf 89' lang='lat' dir='ltr'><strong>ad</strong></span> 
     </span>
     <span class='ocr_line' id='line_1_10' title="bbox 231 1421 1538 1500; baseline -0.004 -16"><span class='ocrx_word' id='word_1_78' title='bbox 231 1426 394 1500; x_wconf 80' lang='lat' dir='ltr'><strong>coniugem</strong></span> <span class='ocrx_word' id='word_1_79' title='bbox 417 1444 435 1482; x_wconf 90' lang='lat' dir='ltr'><strong>a</strong></span> <span class='ocrx_word' id='word_1_80' title='bbox 459 1441 540 1481; x_wconf 89' lang='lat' dir='ltr'><strong>nova</strong></span> <span class='ocrx_word' id='word_1_81' title='bbox 561 1431 658 1498; x_wconf 89' lang='lat' dir='ltr'><strong>nupta</strong></span> <span class='ocrx_word' id='word_1_82' title='bbox 679 1422 759 1497; x_wconf 87' lang='lat' dir='ltr'><strong>ignis</strong></span> <span class='ocrx_word' id='word_1_83' title='bbox 782 1423 813 1478; x_wconf 90' lang='lat' dir='ltr'><strong>in</strong></span> <span class='ocrx_word' id='word_1_84' title='bbox 836 1421 904 1479; x_wconf 83' lang='lat' dir='ltr'><strong>face</strong></span> <span class='ocrx_word' id='word_1_85' title='bbox 926 1421 1065 1479; x_wconf 77' lang='lat' dir='ltr'><strong>adfertur</strong></span> <span class='ocrx_word' id='word_1_86' title='bbox 1087 1442 1105 1480; x_wconf 93' lang='lat' dir='ltr'><strong>a</strong></span> <span class='ocrx_word' id='word_1_87' title='bbox 1127 1422 1197 1480; x_wconf 83' lang='lat' dir='ltr'><strong>loco</strong></span> <span class='ocrx_word' id='word_1_88' title='bbox 1209 1424 1274 1480; x_wconf 88' lang='lat' dir='ltr'><strong>eius</strong></span> <span class='ocrx_word' id='word_1_89' title='bbox 1290 1432 1427 1498; x_wconf 91' lang='lat' dir='ltr'><strong>sumptus</strong></span> <span class='ocrx_word' id='word_1_90' title='bbox 1443 1422 1538 1494; x_wconf 85' lang='lat' dir='ltr'><strong>(Var-</strong></span> 
     </span>
     <span class='ocr_line' id='line_1_11' title="bbox 232 1517 1538 1600; baseline -0.001 -16"><span class='ocrx_word' id='word_1_91' title='bbox 232 1547 266 1585; x_wconf 91' lang='lat' dir='ltr'><strong>ro</strong></span> <span class='ocrx_word' id='word_1_92' title='bbox 288 1526 381 1584; x_wconf 90' lang='lat' dir='ltr'><strong>Nonii</strong></span> <span class='ocrx_word' id='word_1_93' title='bbox 402 1543 431 1600; x_wconf 90' lang='lat' dir='ltr'><strong>p.</strong></span> <span class='ocrx_word' id='word_1_94' title='bbox 446 1521 528 1599; x_wconf 86' lang='grc'>112).</span> <span class='ocrx_word' id='word_1_95' title='bbox 563 1522 649 1596; x_wconf 79' lang='lat' dir='ltr'><strong>celrefi</strong></span> <span class='ocrx_word' id='word_1_96' title='bbox 668 1523 730 1580; x_wconf 91' lang='lat' dir='ltr'><strong>sive</strong></span> <span class='ocrx_word' id='word_1_97' title='bbox 754 1521 837 1595; x_wconf 89' lang='lat' dir='ltr'><strong>cefia</strong></span> <span class='ocrx_word' id='word_1_98' title='bbox 859 1517 1048 1594; x_wconf 66' lang='lat' dir='ltr'><strong>reiciundos</strong></span> <span class='ocrx_word' id='word_1_99' title='bbox 1070 1523 1171 1597; x_wconf 92' lang='lat' dir='ltr'><strong>potius</strong></span> <span class='ocrx_word' id='word_1_100' title='bbox 1194 1541 1263 1580; x_wconf 93' lang='lat' dir='ltr'><strong>cum</strong></span> <span class='ocrx_word' id='word_1_101' title='bbox 1286 1522 1420 1581; x_wconf 88' lang='lat' dir='ltr'><strong>Caeculo</strong></span> <span class='ocrx_word' id='word_1_102' title='bbox 1443 1541 1538 1598; x_wconf 88' lang='lat' dir='ltr'><strong>quam</strong></span> 
     </span>
     <span class='ocr_line' id='line_1_12' title="bbox 232 1621 1538 1702; baseline -0.003 -16"><span class='ocrx_word' id='word_1_103' title='bbox 232 1630 317 1686; x_wconf 91' lang='lat' dir='ltr'><strong>unde</strong></span> <span class='ocrx_word' id='word_1_104' title='bbox 340 1628 490 1684; x_wconf 81' lang='lat' dir='ltr'><strong>incendere</strong></span> <span class='ocrx_word' id='word_1_105' title='bbox 511 1625 679 1690; x_wconf 83' lang='lat' dir='ltr'><strong>succendere</strong></span> <span class='ocrx_word' id='word_1_106' title='bbox 702 1642 740 1680; x_wconf 87' lang='lat' dir='ltr'><strong>ex</strong></span> <span class='ocrx_word' id='word_1_107' title='bbox 764 1624 864 1679; x_wconf 84' lang='lat' dir='ltr'><strong>cendtn</strong></span> <span class='ocrx_word' id='word_1_108' title='bbox 886 1641 979 1691; x_wconf 87' lang='lat' dir='ltr'><strong>censu,</strong></span> <span class='ocrx_word' id='word_1_109' title='bbox 1012 1624 1205 1698; x_wconf 86' lang='lat' dir='ltr'><strong>participium</strong></span> <span class='ocrx_word' id='word_1_110' title='bbox 1228 1621 1294 1699; x_wconf 87' lang='lat' dir='ltr'><strong>ccsu</strong></span> <span class='ocrx_word' id='word_1_111' title='bbox 1327 1624 1370 1682; x_wconf 92' lang='lat' dir='ltr'><strong>sic</strong></span> <span class='ocrx_word' id='word_1_112' title='bbox 1392 1632 1425 1682; x_wconf 89' lang='lat' dir='ltr'><strong>ut</strong></span> <span class='ocrx_word' id='word_1_113' title='bbox 1445 1625 1538 1702; x_wconf 68' lang='lat' dir='ltr'><strong>spaffu</strong></span> 
     </span>
     <span class='ocr_line' id='line_1_13' title="bbox 234 1723 1539 1801; baseline -0.003 -15"><span class='ocrx_word' id='word_1_114' title='bbox 234 1730 266 1786; x_wconf 91' lang='lat' dir='ltr'><strong>in</strong></span> <span class='ocrx_word' id='word_1_115' title='bbox 287 1727 391 1786; x_wconf 85' lang='lat' dir='ltr'><strong>tabula</strong></span> <span class='ocrx_word' id='word_1_116' title='bbox 402 1727 441 1797; x_wconf 91' lang='lat' dir='ltr'><strong>V,</strong></span> <span class='ocrx_word' id='word_1_117' title='bbox 463 1727 645 1801; x_wconf 85' lang='lat' dir='ltr'><strong>gerundium</strong></span> <span class='ocrx_word' id='word_1_118' title='bbox 658 1724 817 1800; x_wconf 86' lang='lat' dir='ltr'>quoddam</span> <span class='ocrx_word' id='word_1_119' title='bbox 840 1723 892 1797; x_wconf 90' lang='lat' dir='ltr'><strong>cefi</strong></span> <span class='ocrx_word' id='word_1_120' title='bbox 912 1725 956 1781; x_wconf 91' lang='lat' dir='ltr'><strong>sic</strong></span> <span class='ocrx_word' id='word_1_121' title='bbox 978 1733 1012 1781; x_wconf 91' lang='lat' dir='ltr'><strong>ut</strong></span> <span class='ocrx_word' id='word_1_122' title='bbox 1034 1724 1181 1798; x_wconf 81' lang='lat' dir='ltr'><strong>trahnorfi</strong></span> <span class='ocrx_word' id='word_1_123' title='bbox 1200 1724 1287 1798; x_wconf 79' lang='lat' dir='ltr'><strong>irerifi</strong></span> <span class='ocrx_word' id='word_1_124' title='bbox 1298 1725 1394 1799; x_wconf 79' lang='lat' dir='ltr'><strong>pihafi</strong></span> <span class='ocrx_word' id='word_1_125' title='bbox 1413 1727 1454 1783; x_wconf 91' lang='lat' dir='ltr'><strong>de</strong></span> <span class='ocrx_word' id='word_1_126' title='bbox 1470 1727 1539 1800; x_wconf 92' lang='lat' dir='ltr'><strong>qui·</strong></span> 
     </span>
     <span class='ocr_line' id='line_1_14' title="bbox 233 1826 1540 1900; baseline -0.001 -14"><span class='ocrx_word' id='word_1_127' title='bbox 233 1831 289 1887; x_wconf 89' lang='lat' dir='ltr'><strong>bus</strong></span> <span class='ocrx_word' id='word_1_128' title='bbox 312 1828 427 1886; x_wconf 89' lang='lat' dir='ltr'><strong>ibidem</strong></span> <span class='ocrx_word' id='word_1_129' title='bbox 449 1828 638 1885; x_wconf 88' lang='lat' dir='ltr'><strong>mentionem</strong></span> <span class='ocrx_word' id='word_1_130' title='bbox 660 1827 718 1883; x_wconf 87' lang='lat' dir='ltr'><strong>ieci</strong></span> <span class='ocrx_word' id='word_1_131' title='bbox 737 1826 882 1883; x_wconf 90' lang='lat' dir='ltr'><strong>dubitans</strong></span> <span class='ocrx_word' id='word_1_132' title='bbox 917 1827 959 1883; x_wconf 89' lang='lat' dir='ltr'><strong>ad</strong></span> <span class='ocrx_word' id='word_1_133' title='bbox 992 1834 1112 1883; x_wconf 83' lang='lat' dir='ltr'><strong>sextum</strong></span> <span class='ocrx_word' id='word_1_134' title='bbox 1135 1845 1174 1884; x_wconf 89' lang='lat' dir='ltr'><strong>an</strong></span> <span class='ocrx_word' id='word_1_135' title='bbox 1200 1829 1242 1883; x_wconf 88' lang='lat' dir='ltr'><strong>ad</strong></span> <span class='ocrx_word' id='word_1_136' title='bbox 1264 1837 1405 1900; x_wconf 89' lang='lat' dir='ltr'><strong>quartum</strong></span> <span class='ocrx_word' id='word_1_137' title='bbox 1430 1845 1540 1885; x_wconf 90' lang='lat' dir='ltr'><strong>casum</strong></span> 
     </span>
     <span class='ocr_line' id='line_1_15' title="bbox 189 1928 1541 2005; baseline -0.002 -15"><span class='ocrx_word' id='word_1_138' title='bbox 189 1938 196 1952; x_wconf 95' lang='lat'><em>&#39;</em></span> <span class='ocrx_word' id='word_1_139' title='bbox 234 1949 420 2000; x_wconf 79' lang='lat' dir='ltr'><strong>revocarem,</strong></span> <span class='ocrx_word' id='word_1_140' title='bbox 443 1930 504 1988; x_wconf 89' lang='lat' dir='ltr'><strong>iam</strong></span> <span class='ocrx_word' id='word_1_141' title='bbox 527 1930 644 2005; x_wconf 88' lang='lat' dir='ltr'><strong>quiam</strong></span> <span class='ocrx_word' id='word_1_142' title='bbox 666 1946 816 2002; x_wconf 85' lang='lat' dir='ltr'><strong>nusquam</strong></span> <span class='ocrx_word' id='word_1_143' title='bbox 839 1936 979 2003; x_wconf 83' lang='lat' dir='ltr'><strong>apparet,</strong></span> <span class='ocrx_word' id='word_1_144' title='bbox 1013 1929 1188 2004; x_wconf 87' lang='lat' dir='ltr'><strong>discrepare</strong></span> <span class='ocrx_word' id='word_1_145' title='bbox 1221 1930 1252 1985; x_wconf 92' lang='lat' dir='ltr'><strong>in</strong></span> <span class='ocrx_word' id='word_1_146' title='bbox 1280 1946 1356 1985; x_wconf 91' lang='lat' dir='ltr'><strong>casu</strong></span> <span class='ocrx_word' id='word_1_147' title='bbox 1390 1928 1541 2003; x_wconf 90' lang='lat' dir='ltr'><strong>equidem</strong></span> 
     </span>
     <span class='ocr_line' id='line_1_16' title="bbox 235 2029 1542 2105; baseline -0.002 -15"><span class='ocrx_word' id='word_1_148' title='bbox 235 2052 303 2091; x_wconf 92' lang='lat' dir='ltr'><strong>cum</strong></span> <span class='ocrx_word' id='word_1_149' title='bbox 325 2033 512 2089; x_wconf 76' lang='lat' dir='ltr'><strong>transversim</strong></span> <span class='ocrx_word' id='word_1_150' title='bbox 535 2032 665 2088; x_wconf 79' lang='lat' dir='ltr'><strong>certatim</strong></span> <span class='ocrx_word' id='word_1_151' title='bbox 688 2038 800 2098; x_wconf 84' lang='lat' dir='ltr'><strong>statu0‚</strong></span> <span class='ocrx_word' id='word_1_152' title='bbox 823 2029 999 2105; x_wconf 90' lang='lat' dir='ltr'><strong>conspirare</strong></span> <span class='ocrx_word' id='word_1_153' title='bbox 1014 2049 1082 2087; x_wconf 93' lang='lat' dir='ltr'><strong>cum</strong></span> <span class='ocrx_word' id='word_1_154' title='bbox 1105 2049 1224 2086; x_wconf 87' lang='lat' dir='ltr'><strong>accensu</strong></span> <span class='ocrx_word' id='word_1_155' title='bbox 1241 2031 1427 2089; x_wconf 86' lang='lat' dir='ltr'><strong>accendendo.</strong></span> <span class='ocrx_word' id='word_1_156' title='bbox 1462 2048 1542 2088; x_wconf 92' lang='lat' dir='ltr'><strong>con·</strong></span> 
     </span>
     <span class='ocr_line' id='line_1_17' title="bbox 235 2130 1603 2205; baseline -0.001 -15"><span class='ocrx_word' id='word_1_157' title='bbox 235 2134 338 2191; x_wconf 90' lang='lat' dir='ltr'><strong>iuncta</strong></span> <span class='ocrx_word' id='word_1_158' title='bbox 361 2141 463 2190; x_wconf 88' lang='lat' dir='ltr'><strong>autem</strong></span> <span class='ocrx_word' id='word_1_159' title='bbox 486 2141 556 2190; x_wconf 91' lang='lat' dir='ltr'><strong>sunt</strong></span> <span class='ocrx_word' id='word_1_160' title='bbox 580 2131 665 2205; x_wconf 79' lang='lat' dir='ltr'><strong>celrefi</strong></span> <span class='ocrx_word' id='word_1_161' title='bbox 686 2132 734 2188; x_wconf 85' lang='lat' dir='ltr'><strong>dia</strong></span> <span class='ocrx_word' id='word_1_162' title='bbox 755 2132 786 2188; x_wconf 90' lang='lat' dir='ltr'><strong>in</strong></span> <span class='ocrx_word' id='word_1_163' title='bbox 802 2130 936 2188; x_wconf 87' lang='lat' dir='ltr'><strong>eandem</strong></span> <span class='ocrx_word' id='word_1_164' title='bbox 953 2131 1140 2189; x_wconf 87' lang='lat' dir='ltr'><strong>sententiam</strong></span> <span class='ocrx_word' id='word_1_165' title='bbox 1156 2149 1216 2205; x_wconf 90' lang='lat' dir='ltr'><strong>qua</strong></span> <span class='ocrx_word' id='word_1_166' title='bbox 1227 2131 1377 2205; x_wconf 88' lang='lat' dir='ltr'><strong>Vergilius</strong></span> <span class='ocrx_word' id='word_1_167' title='bbox 1393 2140 1542 2189; x_wconf 83' lang='lat' dir='ltr'><strong>aestuari·</strong></span> <span class='ocrx_word' id='word_1_168' title='bbox 1595 2146 1603 2153; x_wconf 64' lang='grc'><strong>“</strong></span> 
     </span>
     <span class='ocr_line' id='line_1_18' title="bbox 235 2233 1541 2307; baseline -0.002 -16"><span class='ocrx_word' id='word_1_169' title='bbox 235 2242 298 2291; x_wconf 91' lang='lat' dir='ltr'><strong>tem</strong></span> <span class='ocrx_word' id='word_1_170' title='bbox 322 2233 454 2290; x_wconf 89' lang='lat' dir='ltr'><strong>Didonis</strong></span> <span class='ocrx_word' id='word_1_171' title='bbox 477 2250 613 2290; x_wconf 89' lang='lat' dir='ltr'><strong>amorem</strong></span> <span class='ocrx_word' id='word_1_172' title='bbox 629 2233 798 2290; x_wconf 90' lang='lat' dir='ltr'><strong>ostendens</strong></span> <span class='ocrx_word' id='word_1_173' title='bbox 815 2233 931 2307; x_wconf 90' lang='lat' dir='ltr'><strong>optime</strong></span> <span class='ocrx_word' id='word_1_174' title='bbox 947 2234 1119 2307; x_wconf 88' lang='lat' dir='ltr'><strong>composuit</strong></span> <span class='ocrx_word' id='word_1_175' title='bbox 1137 2233 1183 2289; x_wconf 82' lang='lat' dir='ltr'><strong>ln‘s</strong></span> <span class='ocrx_word' id='word_1_176' title='bbox 1205 2233 1289 2288; x_wconf 83' lang='lat' dir='ltr'><strong>dicn‘s</strong></span> <span class='ocrx_word' id='word_1_177' title='bbox 1311 2233 1454 2288; x_wconf 81' lang='lat' dir='ltr'><strong>r&#39;ncensmn</strong></span> <span class='ocrx_word' id='word_1_178' title='bbox 1470 2233 1541 2288; x_wconf 88' lang='lat' dir='ltr'><strong>ani-</strong></span> 
     </span>
     <span class='ocr_line' id='line_1_19' title="bbox 235 2333 1542 2409; baseline 0 -18"><span class='ocrx_word' id='word_1_179' title='bbox 235 2353 309 2391; x_wconf 87' lang='lat' dir='ltr'><strong>mum</strong></span> <span class='ocrx_word' id='word_1_180' title='bbox 333 2334 528 2409; x_wconf 78' lang='lat' dir='ltr'><strong>inflammavit</strong></span> <span class='ocrx_word' id='word_1_181' title='bbox 548 2353 654 2394; x_wconf 86' lang='lat' dir='ltr'><strong>amare.</strong></span> <span class='ocrx_word' id='word_1_182' title='bbox 701 2334 890 2390; x_wconf 85' lang='lat' dir='ltr'><strong>transitivum</strong></span> <span class='ocrx_word' id='word_1_183' title='bbox 924 2333 1006 2390; x_wconf 91' lang='lat' dir='ltr'><strong>enim</strong></span> <span class='ocrx_word' id='word_1_184' title='bbox 1038 2335 1089 2389; x_wconf 86' lang='lat' dir='ltr'><strong>dia</strong></span> <span class='ocrx_word' id='word_1_185' title='bbox 1122 2351 1191 2391; x_wconf 85' lang='lat' dir='ltr'><strong>esse</strong></span> <span class='ocrx_word' id='word_1_186' title='bbox 1215 2334 1334 2391; x_wconf 89' lang='lat' dir='ltr'><strong>conicio</strong></span> <span class='ocrx_word' id='word_1_187' title='bbox 1358 2351 1395 2389; x_wconf 88' lang='lat' dir='ltr'><strong>ex</strong></span> <span class='ocrx_word' id='word_1_188' title='bbox 1417 2333 1542 2406; x_wconf 84' lang='lat' dir='ltr'><strong>graecis</strong></span> 
     </span>
     <span class='ocr_line' id='line_1_20' title="bbox 236 2428 1547 2512; baseline -0.005 -16"><span class='ocrx_word' id='word_1_189' title='bbox 236 2433 306 2496; x_wconf 83' lang='grc' dir='ltr'>δαῖε</span> <span class='ocrx_word' id='word_1_190' title='bbox 328 2431 365 2495; x_wconf 83' lang='grc' dir='ltr'><strong>δέ</strong></span> <span class='ocrx_word' id='word_1_191' title='bbox 388 2429 418 2495; x_wconf 84' lang='grc' dir='ltr'><strong>οἱ</strong></span> <span class='ocrx_word' id='word_1_192' title='bbox 440 2434 503 2508; x_wconf 86' lang='grc' dir='ltr'><strong>πῦρ</strong></span> <span class='ocrx_word' id='word_1_193' title='bbox 528 2429 636 2508; x_wconf 82' lang='grc' dir='ltr'>γρηύε,</span> <span class='ocrx_word' id='word_1_194' title='bbox 664 2434 693 2490; x_wconf 87' lang='lat' dir='ltr'><strong>ei</strong></span> <span class='ocrx_word' id='word_1_195' title='bbox 717 2435 819 2499; x_wconf 78' lang='lat' dir='ltr'><strong>,verbo</strong></span> <span class='ocrx_word' id='word_1_196' title='bbox 843 2443 1009 2509; x_wconf 82' lang='lat' dir='ltr'><strong>cognatum</strong></span> <span class='ocrx_word' id='word_1_197' title='bbox 1032 2443 1064 2492; x_wconf 90' lang='lat' dir='ltr'><strong>et</strong></span> <span class='ocrx_word' id='word_1_198' title='bbox 1099 2431 1249 2496; x_wconf 77' lang='grc' dir='ltr'>δαιέλιξιν</span> <span class='ocrx_word' id='word_1_199' title='bbox 1282 2442 1314 2491; x_wconf 89' lang='lat' dir='ltr'><strong>et</strong></span> <span class='ocrx_word' id='word_1_200' title='bbox 1345 2428 1495 2512; x_wconf 82' lang='grc' dir='ltr'>δαιδώχῳ</span> <span class='ocrx_word' id='word_1_201' title='bbox 1531 2434 1547 2489; x_wconf 79' lang='grc' dir='ltr'><strong>ι·</strong></span> 
     </span>
     <span class='ocr_line' id='line_1_21' title="bbox 237 2535 1542 2611; baseline 0 -19"><span class='ocrx_word' id='word_1_202' title='bbox 237 2536 398 2593; x_wconf 88' lang='lat' dir='ltr'><strong>retinuisse</strong></span> <span class='ocrx_word' id='word_1_203' title='bbox 419 2553 457 2591; x_wconf 86' lang='lat' dir='ltr'><strong>ex</strong></span> <span class='ocrx_word' id='word_1_204' title='bbox 480 2535 673 2610; x_wconf 83' lang='lat' dir='ltr'><strong>diphthongo</strong></span> <span class='ocrx_word' id='word_1_205' title='bbox 697 2535 928 2609; x_wconf 82' lang='lat' dir='ltr'><strong>colliquefacta:</strong></span> <span class='ocrx_word' id='word_1_206' title='bbox 951 2536 1009 2592; x_wconf 90' lang='lat' dir='ltr'><strong>nisi</strong></span> <span class='ocrx_word' id='word_1_207' title='bbox 1033 2553 1104 2591; x_wconf 88' lang='lat' dir='ltr'><strong>vero</strong></span> <span class='ocrx_word' id='word_1_208' title='bbox 1127 2537 1255 2593; x_wconf 90' lang='lat' dir='ltr'><strong>credere</strong></span> <span class='ocrx_word' id='word_1_209' title='bbox 1274 2535 1379 2611; x_wconf 86' lang='lat' dir='ltr'><strong>mavis,</strong></span> <span class='ocrx_word' id='word_1_210' title='bbox 1399 2542 1432 2590; x_wconf 94' lang='lat' dir='ltr'><strong>ut</strong></span> <span class='ocrx_word' id='word_1_211' title='bbox 1454 2551 1542 2592; x_wconf 90' lang='lat' dir='ltr'><strong>com-</strong></span> 
     </span>
     <span class='ocr_line' id='line_1_22' title="bbox 237 2636 1543 2712; baseline 0 -18"><span class='ocrx_word' id='word_1_212' title='bbox 237 2638 371 2712; x_wconf 91' lang='lat' dir='ltr'><strong>positum</strong></span> <span class='ocrx_word' id='word_1_213' title='bbox 393 2637 448 2694; x_wconf 84' lang='lat' dir='ltr'><strong>luit</strong></span> <span class='ocrx_word' id='word_1_214' title='bbox 463 2637 628 2710; x_wconf 80' lang='lat' dir='ltr'><strong>pur-ditem</strong></span> <span class='ocrx_word' id='word_1_215' title='bbox 644 2637 800 2710; x_wconf 72' lang='lat' dir='ltr'><strong>pur-inies,</strong></span> <span class='ocrx_word' id='word_1_216' title='bbox 823 2637 865 2692; x_wconf 89' lang='lat' dir='ltr'><strong>ita</strong></span> <span class='ocrx_word' id='word_1_217' title='bbox 889 2639 1015 2712; x_wconf 82' lang='lat' dir='ltr'><strong>slmplex</strong></span> <span class='ocrx_word' id='word_1_218' title='bbox 1036 2638 1121 2711; x_wconf 92' lang='lat' dir='ltr'><strong>quod</strong></span> <span class='ocrx_word' id='word_1_219' title='bbox 1142 2637 1299 2712; x_wconf 81' lang='lat' dir='ltr'><strong>gerundiis</strong></span> <span class='ocrx_word' id='word_1_220' title='bbox 1322 2636 1543 2694; x_wconf 86' lang='lat' dir='ltr'><strong>adnecteretur</strong></span> 
     </span>
     <span class='ocr_line' id='line_1_23' title="bbox 239 2737 1544 2812; baseline 0.002 -19"><span class='ocrx_word' id='word_1_221' title='bbox 239 2739 289 2794; x_wconf 87' lang='lat' dir='ltr'><strong>dia</strong></span> <span class='ocrx_word' id='word_1_222' title='bbox 313 2738 406 2796; x_wconf 84' lang='lat' dir='ltr'><strong>luisse</strong></span> <span class='ocrx_word' id='word_1_223' title='bbox 428 2746 549 2812; x_wconf 87' lang='lat' dir='ltr'><strong>praeter</strong></span> <span class='ocrx_word' id='word_1_224' title='bbox 571 2738 604 2794; x_wconf 92' lang='lat' dir='ltr'><strong>id</strong></span> <span class='ocrx_word' id='word_1_225' title='bbox 626 2739 711 2812; x_wconf 92' lang='lat' dir='ltr'><strong>quod</strong></span> <span class='ocrx_word' id='word_1_226' title='bbox 733 2739 795 2795; x_wconf 91' lang='lat' dir='ltr'><strong>dici</strong></span> <span class='ocrx_word' id='word_1_227' title='bbox 817 2737 938 2795; x_wconf 88' lang='lat' dir='ltr'><strong>solebat</strong></span> <span class='ocrx_word' id='word_1_228' title='bbox 962 2739 1046 2794; x_wconf 88' lang='lat' dir='ltr'><strong>dirsa</strong></span> <span class='ocrx_word' id='word_1_229' title='bbox 1069 2741 1144 2804; x_wconf 76' lang='lat' dir='ltr'><strong>teda,</strong></span> <span class='ocrx_word' id='word_1_230' title='bbox 1178 2738 1229 2793; x_wconf 87' lang='lat' dir='ltr'><strong>dia</strong></span> <span class='ocrx_word' id='word_1_231' title='bbox 1251 2755 1307 2812; x_wconf 92' lang='lat' dir='ltr'><strong>pro</strong></span> <span class='ocrx_word' id='word_1_232' title='bbox 1331 2739 1403 2794; x_wconf 79' lang='lat' dir='ltr'><strong>duat</strong></span> <span class='ocrx_word' id='word_1_233' title='bbox 1431 2737 1478 2793; x_wconf 88' lang='lat' dir='ltr'><strong>vel</strong></span> <span class='ocrx_word' id='word_1_234' title='bbox 1505 2748 1544 2796; x_wconf 87' lang='lat' dir='ltr'><strong>ut</strong></span> 
     </span>
     <span class='ocr_line' id='line_1_24' title="bbox 227 2837 1543 2918; baseline 0.001 -23"><span class='ocrx_word' id='word_1_235' title='bbox 227 2837 305 2918; x_wconf 84' lang='lat' dir='ltr'><strong>suia</strong></span> <span class='ocrx_word' id='word_1_236' title='bbox 326 2840 376 2899; x_wconf 88' lang='lat' dir='ltr'><strong>lat.</strong></span> <span class='ocrx_word' id='word_1_237' title='bbox 393 2838 461 2913; x_wconf 82' lang='lat' dir='ltr'><strong>fiat,</strong></span> <span class='ocrx_word' id='word_1_238' title='bbox 497 2838 549 2912; x_wconf 81' lang='lat' dir='ltr'><strong>cefi</strong></span> <span class='ocrx_word' id='word_1_239' title='bbox 569 2840 620 2894; x_wconf 87' lang='lat' dir='ltr'><strong>dia</strong></span> <span class='ocrx_word' id='word_1_240' title='bbox 644 2840 685 2897; x_wconf 92' lang='lat' dir='ltr'><strong>ad</strong></span> <span class='ocrx_word' id='word_1_241' title='bbox 707 2840 781 2897; x_wconf 94' lang='lat' dir='ltr'><strong>illud</strong></span> <span class='ocrx_word' id='word_1_242' title='bbox 803 2839 978 2913; x_wconf 88' lang='lat' dir='ltr'><strong>exemplum</strong></span> <span class='ocrx_word' id='word_1_243' title='bbox 1012 2841 1148 2896; x_wconf 80' lang='lat' dir='ltr'><strong>cre-duat</strong></span> <span class='ocrx_word' id='word_1_244' title='bbox 1168 2839 1358 2898; x_wconf 77' lang='lat' dir='ltr'><strong>venum-duit.</strong></span> <span class='ocrx_word' id='word_1_245' title='bbox 1391 2857 1463 2897; x_wconf 91' lang='lat' dir='ltr'><strong>nam</strong></span> <span class='ocrx_word' id='word_1_246' title='bbox 1496 2841 1543 2896; x_wconf 85' lang='lat' dir='ltr'><strong>ad</strong></span> 
     </span>
     <span class='ocr_line' id='line_1_25' title="bbox 237 2940 1194 2999; baseline 0 -1"><span class='ocrx_word' id='word_1_247' title='bbox 237 2941 423 2998; x_wconf 89' lang='lat' dir='ltr'><strong>sententiam</strong></span> <span class='ocrx_word' id='word_1_248' title='bbox 450 2941 524 2998; x_wconf 90' lang='lat' dir='ltr'><strong>satis</strong></span> <span class='ocrx_word' id='word_1_249' title='bbox 547 2949 596 2998; x_wconf 91' lang='lat' dir='ltr'><strong>est</strong></span> <span class='ocrx_word' id='word_1_250' title='bbox 619 2958 694 2997; x_wconf 87' lang='lat' dir='ltr'><strong>sane</strong></span> <span class='ocrx_word' id='word_1_251' title='bbox 717 2942 814 2997; x_wconf 90' lang='lat' dir='ltr'><strong>dandi</strong></span> <span class='ocrx_word' id='word_1_252' title='bbox 836 2941 884 2996; x_wconf 91' lang='lat' dir='ltr'><strong>vel</strong></span> <span class='ocrx_word' id='word_1_253' title='bbox 906 2940 1041 2998; x_wconf 81' lang='lat' dir='ltr'><strong>faciendi</strong></span> <span class='ocrx_word' id='word_1_254' title='bbox 1062 2943 1194 2999; x_wconf 89' lang='lat' dir='ltr'><strong>verbum.</strong></span> 
     </span>
    </p>

    <p class='ocr_par' dir='ltr' id='par_1_5' title="bbox 238 3039 1545 4132">
     <span class='ocr_line' id='line_1_26' title="bbox 339 3039 1544 3118; baseline -0.002 -17"><span class='ocrx_word' id='word_1_255' title='bbox 339 3044 377 3101; x_wconf 94' lang='grc'><strong>22</strong></span> <span class='ocrx_word' id='word_1_256' title='bbox 399 3058 473 3116; x_wconf 90' lang='lat' dir='ltr'><strong>prae</strong></span> <span class='ocrx_word' id='word_1_257' title='bbox 495 3041 582 3109; x_wconf 71' lang='lat' dir='ltr'><strong>aerei,</strong></span> <span class='ocrx_word' id='word_1_258' title='bbox 603 3039 678 3099; x_wconf 91' lang='lat' dir='ltr'><strong>Osci</strong></span> <span class='ocrx_word' id='word_1_259' title='bbox 700 3050 804 3098; x_wconf 90' lang='lat' dir='ltr'><strong>autem</strong></span> <span class='ocrx_word' id='word_1_260' title='bbox 825 3051 947 3117; x_wconf 89' lang='lat' dir='ltr'><strong>portam</strong></span> <span class='ocrx_word' id='word_1_261' title='bbox 970 3042 1164 3118; x_wconf 86' lang='lat' dir='ltr'><strong>singulariter</strong></span> <span class='ocrx_word' id='word_1_262' title='bbox 1186 3042 1356 3099; x_wconf 84' lang='lat' dir='ltr'><strong>efferebant</strong></span> <span class='ocrx_word' id='word_1_263' title='bbox 1377 3058 1433 3117; x_wconf 88' lang='lat' dir='ltr'><strong>per</strong></span> <span class='ocrx_word' id='word_1_264' title='bbox 1454 3040 1544 3098; x_wconf 91' lang='lat' dir='ltr'><strong>idem</strong></span> 
     </span>
     <span class='ocr_line' id='line_1_27' title="bbox 238 3143 1544 3226; baseline -0.002 -25"><span class='ocrx_word' id='word_1_265' title='bbox 238 3162 361 3213; x_wconf 86' lang='lat' dir='ltr'><strong>nomen,</strong></span> <span class='ocrx_word' id='word_1_266' title='bbox 387 3143 548 3226; x_wconf 74' lang='lat' dir='ltr'><strong>Graboviis</strong></span> <span class='ocrx_word' id='word_1_267' title='bbox 571 3144 619 3201; x_wconf 93' lang='lat' dir='ltr'><strong>dis</strong></span> <span class='ocrx_word' id='word_1_268' title='bbox 642 3153 817 3219; x_wconf 89' lang='lat' dir='ltr'><strong>operantur,</strong></span> <span class='ocrx_word' id='word_1_269' title='bbox 840 3161 916 3219; x_wconf 89' lang='lat' dir='ltr'><strong>quos</strong></span> <span class='ocrx_word' id='word_1_270' title='bbox 941 3162 1010 3201; x_wconf 89' lang='lat' dir='ltr'><strong>eam</strong></span> <span class='ocrx_word' id='word_1_271' title='bbox 1030 3147 1070 3201; x_wconf 93' lang='lat' dir='ltr'><strong>ob</strong></span> <span class='ocrx_word' id='word_1_272' title='bbox 1094 3161 1219 3202; x_wconf 86' lang='lat' dir='ltr'><strong>causam</strong></span> <span class='ocrx_word' id='word_1_273' title='bbox 1234 3160 1425 3200; x_wconf 90' lang='lat' dir='ltr'><strong>communem</strong></span> <span class='ocrx_word' id='word_1_274' title='bbox 1441 3159 1544 3214; x_wconf 90' lang='lat' dir='ltr'><strong>quan·</strong></span> 
     </span>
     <span class='ocr_line' id='line_1_28' title="bbox 239 3239 1545 3320; baseline -0.002 -19"><span class='ocrx_word' id='word_1_275' title='bbox 239 3245 312 3301; x_wconf 87' lang='lat' dir='ltr'><strong>darn</strong></span> <span class='ocrx_word' id='word_1_276' title='bbox 336 3263 405 3302; x_wconf 91' lang='lat' dir='ltr'><strong>cum</strong></span> <span class='ocrx_word' id='word_1_277' title='bbox 428 3246 587 3302; x_wconf 91' lang='lat' dir='ltr'><strong>moenibus</strong></span> <span class='ocrx_word' id='word_1_278' title='bbox 610 3245 760 3319; x_wconf 87' lang='lat' dir='ltr'><strong>originem</strong></span> <span class='ocrx_word' id='word_1_279' title='bbox 789 3245 902 3302; x_wconf 89' lang='lat' dir='ltr'><strong>habere</strong></span> <span class='ocrx_word' id='word_1_280' title='bbox 929 3246 1105 3320; x_wconf 89' lang='lat' dir='ltr'><strong>suspiceris,</strong></span> <span class='ocrx_word' id='word_1_281' title='bbox 1138 3240 1274 3320; x_wconf 86' lang='grc' dir='ltr'>γραβάν·</span> <span class='ocrx_word' id='word_1_282' title='bbox 1299 3239 1417 3319; x_wconf 87' lang='grc' dir='ltr'>βόθρον</span> <span class='ocrx_word' id='word_1_283' title='bbox 1439 3241 1545 3316; x_wconf 91' lang='lat' dir='ltr'><strong>Hesy-</strong></span> 
     </span>
     <span class='ocr_line' id='line_1_29' title="bbox 238 3343 1544 3421; baseline -0.002 -17"><span class='ocrx_word' id='word_1_284' title='bbox 238 3346 331 3405; x_wconf 80' lang='lat' dir='ltr'><strong>chius</strong></span> <span class='ocrx_word' id='word_1_285' title='bbox 374 3355 483 3421; x_wconf 89' lang='lat' dir='ltr'><strong>portae</strong></span> <span class='ocrx_word' id='word_1_286' title='bbox 506 3366 525 3404; x_wconf 89' lang='lat' dir='ltr'><strong>a</strong></span> <span class='ocrx_word' id='word_1_287' title='bbox 545 3347 619 3404; x_wconf 91' lang='lat' dir='ltr'><strong>locis</strong></span> <span class='ocrx_word' id='word_1_288' title='bbox 653 3364 713 3420; x_wconf 93' lang='lat' dir='ltr'><strong>quo</strong></span> <span class='ocrx_word' id='word_1_289' title='bbox 745 3346 792 3403; x_wconf 85' lang='lat' dir='ltr'><strong>via</strong></span> <span class='ocrx_word' id='word_1_290' title='bbox 826 3347 960 3403; x_wconf 84' lang='lat' dir='ltr'><strong>ducebat</strong></span> <span class='ocrx_word' id='word_1_291' title='bbox 993 3346 1211 3403; x_wconf 86' lang='lat' dir='ltr'><strong>denominatae</strong></span> <span class='ocrx_word' id='word_1_292' title='bbox 1244 3355 1315 3403; x_wconf 91' lang='lat' dir='ltr'><strong>sunt</strong></span> <span class='ocrx_word' id='word_1_293' title='bbox 1346 3353 1379 3402; x_wconf 89' lang='lat' dir='ltr'><strong>ut</strong></span> <span class='ocrx_word' id='word_1_294' title='bbox 1412 3343 1544 3418; x_wconf 89' lang='lat' dir='ltr'><strong>Capena</strong></span> 
     </span>
     <span class='ocr_line' id='line_1_30' title="bbox 239 3446 1544 3522; baseline -0.001 -18"><span class='ocrx_word' id='word_1_295' title='bbox 239 3448 369 3516; x_wconf 86' lang='lat' dir='ltr'><strong>Romae,</strong></span> <span class='ocrx_word' id='word_1_296' title='bbox 393 3447 511 3505; x_wconf 90' lang='lat' dir='ltr'><strong>Piraica</strong></span> <span class='ocrx_word' id='word_1_297' title='bbox 525 3447 663 3504; x_wconf 86' lang='lat' dir='ltr'><strong>Athenis.</strong></span> <span class='ocrx_word' id='word_1_298' title='bbox 702 3447 838 3504; x_wconf 88' lang='lat' dir='ltr'><strong>Trebula</strong></span> <span class='ocrx_word' id='word_1_299' title='bbox 854 3465 917 3504; x_wconf 91' lang='lat' dir='ltr'><strong>non</strong></span> <span class='ocrx_word' id='word_1_300' title='bbox 933 3447 1037 3521; x_wconf 89' lang='lat' dir='ltr'><strong>paucis</strong></span> <span class='ocrx_word' id='word_1_301' title='bbox 1054 3448 1209 3522; x_wconf 90' lang='lat' dir='ltr'><strong>oppidulis</strong></span> <span class='ocrx_word' id='word_1_302' title='bbox 1224 3464 1339 3504; x_wconf 90' lang='lat' dir='ltr'><strong>nomen</strong></span> <span class='ocrx_word' id='word_1_303' title='bbox 1357 3454 1431 3513; x_wconf 88' lang='lat' dir='ltr'><strong>erat,</strong></span> <span class='ocrx_word' id='word_1_304' title='bbox 1455 3446 1544 3503; x_wconf 90' lang='lat' dir='ltr'><strong>idem</strong></span> 
     </span>
     <span class='ocr_line' id='line_1_31' title="bbox 239 3547 1542 3626; baseline 0.002 -21"><span class='ocrx_word' id='word_1_305' title='bbox 239 3549 357 3606; x_wconf 90' lang='lat' dir='ltr'><strong>videtur</strong></span> <span class='ocrx_word' id='word_1_306' title='bbox 380 3557 472 3624; x_wconf 90' lang='lat' dir='ltr'><strong>atque</strong></span> <span class='ocrx_word' id='word_1_307' title='bbox 504 3566 598 3624; x_wconf 89' lang='lat' dir='ltr'><strong>germ.</strong></span> <span class='ocrx_word' id='word_1_308' title='bbox 623 3547 698 3626; x_wconf 78' lang='lat' dir='ltr'><strong>dors,</strong></span> <span class='ocrx_word' id='word_1_309' title='bbox 738 3549 850 3604; x_wconf 90' lang='lat' dir='ltr'><strong>vicinos</strong></span> <span class='ocrx_word' id='word_1_310' title='bbox 871 3547 1004 3622; x_wconf 83' lang='lat' dir='ltr'><strong>Iguvinis</strong></span> <span class='ocrx_word' id='word_1_311' title='bbox 1028 3547 1224 3605; x_wconf 90' lang='lat' dir='ltr'><strong>Trebulanos</strong></span> <span class='ocrx_word' id='word_1_312' title='bbox 1258 3549 1354 3606; x_wconf 91' lang='lat' dir='ltr'><strong>nullos</strong></span> <span class='ocrx_word' id='word_1_313' title='bbox 1380 3547 1542 3609; x_wconf 79' lang='lat' dir='ltr'><strong>novimus,</strong></span> 
     </span>
     <span class='ocr_line' id='line_1_32' title="bbox 240 3650 1544 3724; baseline 0.001 -18"><span class='ocrx_word' id='word_1_314' title='bbox 240 3650 387 3709; x_wconf 90' lang='lat' dir='ltr'><strong>Veiorum</strong></span> <span class='ocrx_word' id='word_1_315' title='bbox 409 3668 447 3706; x_wconf 88' lang='lat' dir='ltr'><strong>ex</strong></span> <span class='ocrx_word' id='word_1_316' title='bbox 470 3650 578 3708; x_wconf 86' lang='lat' dir='ltr'><strong>Tuscis</strong></span> <span class='ocrx_word' id='word_1_317' title='bbox 601 3650 801 3708; x_wconf 88' lang='lat' dir='ltr'><strong>celeberrima</strong></span> <span class='ocrx_word' id='word_1_318' title='bbox 830 3650 920 3709; x_wconf 86' lang='lat' dir='ltr'><strong>fama.</strong></span> <span class='ocrx_word' id='word_1_319' title='bbox 966 3650 1091 3707; x_wconf 90' lang='lat' dir='ltr'><strong>Tesena</strong></span> <span class='ocrx_word' id='word_1_320' title='bbox 1118 3650 1210 3724; x_wconf 91' lang='lat' dir='ltr'><strong>plane</strong></span> <span class='ocrx_word' id='word_1_321' title='bbox 1243 3652 1380 3719; x_wconf 89' lang='lat' dir='ltr'><strong>evanuit,</strong></span> <span class='ocrx_word' id='word_1_322' title='bbox 1414 3652 1544 3707; x_wconf 91' lang='lat' dir='ltr'><strong>brevem</strong></span> 
     </span>
     <span class='ocr_line' id='line_1_33' title="bbox 240 3752 1543 3827; baseline 0 -19"><span class='ocrx_word' id='word_1_323' title='bbox 240 3754 377 3811; x_wconf 90' lang='lat' dir='ltr'><strong>vocalem</strong></span> <span class='ocrx_word' id='word_1_324' title='bbox 410 3753 546 3811; x_wconf 90' lang='lat' dir='ltr'><strong>mediam</strong></span> <span class='ocrx_word' id='word_1_325' title='bbox 578 3753 703 3827; x_wconf 88' lang='lat' dir='ltr'><strong>colligas</strong></span> <span class='ocrx_word' id='word_1_326' title='bbox 734 3771 772 3808; x_wconf 87' lang='lat' dir='ltr'><strong>ex</strong></span> <span class='ocrx_word' id='word_1_327' title='bbox 811 3753 964 3810; x_wconf 81' lang='lat' dir='ltr'><strong>Tesanacir.</strong></span> <span class='ocrx_word' id='word_1_328' title='bbox 1011 3752 1177 3809; x_wconf 90' lang='lat' dir='ltr'><strong>lustrantur</strong></span> <span class='ocrx_word' id='word_1_329' title='bbox 1208 3761 1316 3826; x_wconf 85' lang='lat' dir='ltr'><strong>portae</strong></span> <span class='ocrx_word' id='word_1_330' title='bbox 1352 3754 1390 3809; x_wconf 93' lang='lat' dir='ltr'><strong>ab</strong></span> <span class='ocrx_word' id='word_1_331' title='bbox 1410 3759 1543 3824; x_wconf 85' lang='lat' dir='ltr'><strong>utraque</strong></span> 
     </span>
     <span class='ocr_line' id='line_1_34' title="bbox 242 3852 1545 3930; baseline -0.002 -17"><span class='ocrx_word' id='word_1_332' title='bbox 242 3863 338 3930; x_wconf 87' lang='lat' dir='ltr'><strong>parte,</strong></span> <span class='ocrx_word' id='word_1_333' title='bbox 360 3872 433 3911; x_wconf 90' lang='lat' dir='ltr'><strong>nam</strong></span> <span class='ocrx_word' id='word_1_334' title='bbox 456 3855 579 3912; x_wconf 90' lang='lat' dir='ltr'><strong>moenia</strong></span> <span class='ocrx_word' id='word_1_335' title='bbox 601 3855 724 3928; x_wconf 91' lang='lat' dir='ltr'><strong>quidem</strong></span> <span class='ocrx_word' id='word_1_336' title='bbox 747 3871 802 3928; x_wconf 91' lang='lat' dir='ltr'><strong>per</strong></span> <span class='ocrx_word' id='word_1_337' title='bbox 823 3872 856 3911; x_wconf 90' lang='lat' dir='ltr'><strong>se</strong></span> <span class='ocrx_word' id='word_1_338' title='bbox 873 3870 959 3910; x_wconf 89' lang='lat' dir='ltr'><strong>sacra</strong></span> <span class='ocrx_word' id='word_1_339' title='bbox 982 3861 1061 3922; x_wconf 91' lang='lat' dir='ltr'><strong>sunt,</strong></span> <span class='ocrx_word' id='word_1_340' title='bbox 1085 3864 1192 3927; x_wconf 88' lang='lat' dir='ltr'><strong>portae</strong></span> <span class='ocrx_word' id='word_1_341' title='bbox 1215 3870 1269 3926; x_wconf 91' lang='lat' dir='ltr'><strong>per</strong></span> <span class='ocrx_word' id='word_1_342' title='bbox 1291 3872 1365 3927; x_wconf 89' lang='lat' dir='ltr'><strong>quas</strong></span> <span class='ocrx_word' id='word_1_343' title='bbox 1389 3870 1458 3909; x_wconf 93' lang='lat' dir='ltr'><strong>cum</strong></span> <span class='ocrx_word' id='word_1_344' title='bbox 1480 3852 1545 3910; x_wconf 88' lang='lat' dir='ltr'><strong>alia</strong></span> 
     </span>
     <span class='ocr_line' id='line_1_35' title="bbox 240 3948 1543 4029; baseline -0.002 -16"><span class='ocrx_word' id='word_1_345' title='bbox 240 3963 304 4013; x_wconf 89' lang='lat' dir='ltr'><strong>tum</strong></span> <span class='ocrx_word' id='word_1_346' title='bbox 326 3956 436 4012; x_wconf 88' lang='lat' dir='ltr'><strong>mortui</strong></span> <span class='ocrx_word' id='word_1_347' title='bbox 457 3955 631 4022; x_wconf 88' lang='lat' dir='ltr'><strong>effemntur,</strong></span> <span class='ocrx_word' id='word_1_348' title='bbox 665 3974 728 4012; x_wconf 92' lang='lat' dir='ltr'><strong>non</strong></span> <span class='ocrx_word' id='word_1_349' title='bbox 758 3963 827 4012; x_wconf 90' lang='lat' dir='ltr'><strong>sunt</strong></span> <span class='ocrx_word' id='word_1_350' title='bbox 856 3948 1047 4028; x_wconf 82' lang='lat' dir='ltr'><strong>(Plutarchus</strong></span> <span class='ocrx_word' id='word_1_351' title='bbox 1071 3963 1187 4028; x_wconf 88' lang='lat' dir='ltr'><strong>quaest.</strong></span> <span class='ocrx_word' id='word_1_352' title='bbox 1211 3971 1286 4012; x_wconf 91' lang='lat' dir='ltr'><strong>rom.</strong></span> <span class='ocrx_word' id='word_1_353' title='bbox 1311 3949 1374 4029; x_wconf 84' lang='lat'><strong>27).</strong></span> <span class='ocrx_word' id='word_1_354' title='bbox 1415 3952 1543 4011; x_wconf 91' lang='lat' dir='ltr'><strong>Herculi</strong></span> 
     </span>
     <span class='ocr_line' id='line_1_36' title="bbox 241 4046 1516 4132; baseline -0.003 -18"><span class='ocrx_word' id='word_1_355' title='bbox 241 4064 446 4132; x_wconf 89' lang='lat' dir='ltr'><strong>anteportano</strong></span> <span class='ocrx_word' id='word_1_356' title='bbox 468 4055 616 4130; x_wconf 89' lang='lat' dir='ltr'><strong>inscripta</strong></span> <span class='ocrx_word' id='word_1_357' title='bbox 637 4057 719 4113; x_wconf 85' lang='lat' dir='ltr'><strong>arula</strong></span> <span class='ocrx_word' id='word_1_358' title='bbox 742 4057 773 4112; x_wconf 91' lang='lat' dir='ltr'><strong>in</strong></span> <span class='ocrx_word' id='word_1_359' title='bbox 795 4073 870 4129; x_wconf 85' lang='lat' dir='ltr'><strong>agro</strong></span> <span class='ocrx_word' id='word_1_360' title='bbox 892 4054 1120 4111; x_wconf 88' lang='lat' dir='ltr'><strong>Mediolanensi</strong></span> <span class='ocrx_word' id='word_1_361' title='bbox 1143 4054 1242 4110; x_wconf 86' lang='lat' dir='ltr'><strong>extitit</strong></span> <span class='ocrx_word' id='word_1_362' title='bbox 1263 4053 1352 4127; x_wconf 84' lang='lat' dir='ltr'><strong>(ClL.</strong></span> <span class='ocrx_word' id='word_1_363' title='bbox 1365 4053 1393 4109; x_wconf 90' lang='lat' dir='ltr'>V</span> <span class='ocrx_word' id='word_1_364' title='bbox 1412 4046 1516 4129; x_wconf 84' lang='lat'><strong>5534).</strong></span> 
     </span>
    </p>

    <p class='ocr_par' dir='ltr' id='par_1_6' title="bbox 243 4155 1545 4739">
     <span class='ocr_line' id='line_1_37' title="bbox 341 4155 1542 4215; baseline 0 0"><span class='ocrx_word' id='word_1_365' title='bbox 341 4157 423 4215; x_wconf 82' lang='lat' dir='ltr'><strong>vestis</strong></span> <span class='ocrx_word' id='word_1_366' title='bbox 444 4156 491 4212; x_wconf 90' lang='lat' dir='ltr'><strong>vel</strong></span> <span class='ocrx_word' id='word_1_367' title='bbox 512 4158 609 4214; x_wconf 75' lang='lat' dir='ltr'><strong>vesteis</strong></span> <span class='ocrx_word' id='word_1_368' title='bbox 631 4167 661 4214; x_wconf 88' lang='lat' dir='ltr'><strong>et</strong></span> <span class='ocrx_word' id='word_1_369' title='bbox 683 4158 821 4215; x_wconf 79' lang='lat' dir='ltr'><strong>vcsticaln</strong></span> <span class='ocrx_word' id='word_1_370' title='bbox 844 4165 875 4212; x_wconf 88' lang='lat' dir='ltr'><strong>et</strong></span> <span class='ocrx_word' id='word_1_371' title='bbox 897 4157 1011 4212; x_wconf 81' lang='lat' dir='ltr'><strong>oesticia</strong></span> <span class='ocrx_word' id='word_1_372' title='bbox 1038 4156 1189 4213; x_wconf 90' lang='lat' dir='ltr'><strong>artissime</strong></span> <span class='ocrx_word' id='word_1_373' title='bbox 1212 4156 1291 4212; x_wconf 87' lang='lat' dir='ltr'><strong>inter</strong></span> <span class='ocrx_word' id='word_1_374' title='bbox 1313 4173 1347 4212; x_wconf 88' lang='lat' dir='ltr'><strong>se</strong></span> <span class='ocrx_word' id='word_1_375' title='bbox 1363 4155 1542 4215; x_wconf 87' lang='lat' dir='ltr'><strong>cohaerent.</strong></span> 
     </span>
     <span class='ocr_line' id='line_1_38' title="bbox 244 4257 1544 4333; baseline -0.002 -19"><span class='ocrx_word' id='word_1_376' title='bbox 244 4259 349 4317; x_wconf 83' lang='lat' dir='ltr'>VIB6</span> <span class='ocrx_word' id='word_1_377' title='bbox 373 4258 488 4315; x_wconf 80' lang='lat' dir='ltr'><strong>nesn&#39;sia</strong></span> <span class='ocrx_word' id='word_1_378' title='bbox 509 4260 591 4315; x_wconf 80' lang='lat' dir='ltr'><strong>vestes</strong></span> <span class='ocrx_word' id='word_1_379' title='bbox 613 4259 706 4317; x_wconf 88' lang='lat' dir='ltr'><strong>etiam</strong></span> <span class='ocrx_word' id='word_1_380' title='bbox 729 4259 754 4316; x_wconf 94' lang='lat' dir='ltr'><strong>si</strong></span> <span class='ocrx_word' id='word_1_381' title='bbox 779 4276 892 4315; x_wconf 88' lang='lat' dir='ltr'><strong>nomen</strong></span> <span class='ocrx_word' id='word_1_382' title='bbox 915 4275 952 4313; x_wconf 85' lang='lat' dir='ltr'><strong>ex</strong></span> <span class='ocrx_word' id='word_1_383' title='bbox 975 4257 1183 4333; x_wconf 89' lang='lat' dir='ltr'><strong>praecedente</strong></span> <span class='ocrx_word' id='word_1_384' title='bbox 1200 4262 1337 4330; x_wconf 77' lang='lat' dir='ltr'><strong>precator</strong></span> <span class='ocrx_word' id='word_1_385' title='bbox 1360 4264 1464 4330; x_wconf 90' lang='lat' dir='ltr'><strong>aptum</strong></span> <span class='ocrx_word' id='word_1_386' title='bbox 1485 4273 1544 4329; x_wconf 88' lang='lat' dir='ltr'><strong>pu·</strong></span> 
     </span>
     <span class='ocr_line' id='line_1_39' title="bbox 243 4358 1545 4434; baseline -0.002 -17"><span class='ocrx_word' id='word_1_387' title='bbox 243 4360 364 4422; x_wconf 83' lang='lat' dir='ltr'><strong>tabitur,</strong></span> <span class='ocrx_word' id='word_1_388' title='bbox 398 4368 501 4416; x_wconf 88' lang='lat' dir='ltr'><strong>tamen</strong></span> <span class='ocrx_word' id='word_1_389' title='bbox 524 4360 655 4434; x_wconf 90' lang='lat' dir='ltr'><strong>proinde</strong></span> <span class='ocrx_word' id='word_1_390' title='bbox 679 4361 849 4416; x_wconf 89' lang='lat' dir='ltr'><strong>consedere</strong></span> <span class='ocrx_word' id='word_1_391' title='bbox 873 4367 966 4433; x_wconf 85' lang='lat' dir='ltr'><strong>atque</strong></span> <span class='ocrx_word' id='word_1_392' title='bbox 989 4359 1101 4417; x_wconf 77' lang='lat' dir='ltr'><strong>aeclesia</strong></span> <span class='ocrx_word' id='word_1_393' title='bbox 1124 4359 1238 4415; x_wconf 80' lang='lat' dir='ltr'><strong>vestr&#39;cos</strong></span> <span class='ocrx_word' id='word_1_394' title='bbox 1259 4358 1374 4414; x_wconf 90' lang='lat' dir='ltr'><strong>ibidem</strong></span> <span class='ocrx_word' id='word_1_395' title='bbox 1396 4358 1445 4415; x_wconf 87' lang='grc'><strong>25.</strong></span> <span class='ocrx_word' id='word_1_396' title='bbox 1490 4358 1545 4414; x_wconf 91' lang='lat' dir='ltr'><strong>ubi</strong></span> 
     </span>
     <span class='ocr_line' id='line_1_40' title="bbox 244 4459 1544 4537; baseline -0.002 -19"><span class='ocrx_word' id='word_1_397' title='bbox 244 4463 327 4518; x_wconf 80' lang='lat' dir='ltr'><strong>vestis</strong></span> <span class='ocrx_word' id='word_1_398' title='bbox 349 4462 495 4537; x_wconf 90' lang='lat' dir='ltr'><strong>scriptum</strong></span> <span class='ocrx_word' id='word_1_399' title='bbox 520 4471 578 4531; x_wconf 87' lang='lat' dir='ltr'><strong>est,</strong></span> <span class='ocrx_word' id='word_1_400' title='bbox 601 4481 664 4520; x_wconf 93' lang='lat' dir='ltr'><strong>non</strong></span> <span class='ocrx_word' id='word_1_401' title='bbox 687 4463 822 4537; x_wconf 89' lang='lat' dir='ltr'><strong>sequitur</strong></span> <span class='ocrx_word' id='word_1_402' title='bbox 844 4462 989 4529; x_wconf 77' lang='lat' dir='ltr'><strong>vesiz&#39;catu,</strong></span> <span class='ocrx_word' id='word_1_403' title='bbox 1014 4470 1046 4518; x_wconf 90' lang='lat' dir='ltr'><strong>et</strong></span> <span class='ocrx_word' id='word_1_404' title='bbox 1069 4461 1200 4517; x_wconf 90' lang='lat' dir='ltr'><strong>vicissim</strong></span> <span class='ocrx_word' id='word_1_405' title='bbox 1225 4459 1275 4516; x_wconf 90' lang='lat' dir='ltr'><strong>ubi</strong></span> <span class='ocrx_word' id='word_1_406' title='bbox 1297 4459 1444 4524; x_wconf 78' lang='lat' dir='ltr'><strong>vesn&#39;catu,</strong></span> <span class='ocrx_word' id='word_1_407' title='bbox 1468 4466 1544 4515; x_wconf 90' lang='lat' dir='ltr'><strong>aute</strong></span> 
     </span>
     <span class='ocr_line' id='line_1_41' title="bbox 243 4560 1543 4638; baseline -0.002 -18"><span class='ocrx_word' id='word_1_408' title='bbox 243 4581 307 4620; x_wconf 91' lang='lat' dir='ltr'><strong>non</strong></span> <span class='ocrx_word' id='word_1_409' title='bbox 330 4564 438 4638; x_wconf 85' lang='lat' dir='ltr'><strong>legitur</strong></span> <span class='ocrx_word' id='word_1_410' title='bbox 461 4565 553 4623; x_wconf 81' lang='lat' dir='ltr'><strong>vestis</strong></span> <span class='ocrx_word' id='word_1_411' title='bbox 597 4564 708 4623; x_wconf 81' lang='lat' dir='ltr'><strong>VlBii</strong></span> <span class='ocrx_word' id='word_1_412' title='bbox 737 4572 877 4638; x_wconf 80' lang='lat' dir='ltr'><strong>precator</strong></span> <span class='ocrx_word' id='word_1_413' title='bbox 897 4563 1010 4620; x_wconf 80' lang='lat' dir='ltr'><strong>aestzsia</strong></span> <span class='ocrx_word' id='word_1_414' title='bbox 1033 4562 1125 4626; x_wconf 78' lang='lat' dir='ltr'><strong>vesias,</strong></span> <span class='ocrx_word' id='word_1_415' title='bbox 1168 4564 1185 4619; x_wconf 85' lang='grc'><strong>9</strong></span> <span class='ocrx_word' id='word_1_416' title='bbox 1209 4560 1286 4638; x_wconf 79' lang='lat' dir='ltr'><strong>mesa</strong></span> <span class='ocrx_word' id='word_1_417' title='bbox 1312 4565 1452 4633; x_wconf 79' lang='lat' dir='ltr'><strong>precator</strong></span> <span class='ocrx_word' id='word_1_418' title='bbox 1479 4577 1543 4634; x_wconf 88' lang='lat' dir='ltr'><strong>quo</strong></span> 
     </span>
     <span class='ocr_line' id='line_1_42' title="bbox 244 4660 1542 4739; baseline -0.002 -17"><span class='ocrx_word' id='word_1_419' title='bbox 244 4665 326 4722; x_wconf 86' lang='lat' dir='ltr'><strong>iacto</strong></span> <span class='ocrx_word' id='word_1_420' title='bbox 351 4668 389 4723; x_wconf 84' lang='grc'><strong>16</strong></span> <span class='ocrx_word' id='word_1_421' title='bbox 413 4666 549 4723; x_wconf 89' lang='lat' dir='ltr'><strong>succedit</strong></span> <span class='ocrx_word' id='word_1_422' title='bbox 568 4667 698 4723; x_wconf 81' lang='lat' dir='ltr'><strong>oesticato</strong></span> <span class='ocrx_word' id='word_1_423' title='bbox 721 4667 912 4739; x_wconf 71' lang='lat' dir='ltr'><strong>aircpursain,</strong></span> <span class='ocrx_word' id='word_1_424' title='bbox 947 4666 985 4722; x_wconf 82' lang='lat'><strong>25</strong></span> <span class='ocrx_word' id='word_1_425' title='bbox 1003 4669 1141 4736; x_wconf 79' lang='lat' dir='ltr'><strong>precator</strong></span> <span class='ocrx_word' id='word_1_426' title='bbox 1175 4663 1259 4718; x_wconf 82' lang='lat' dir='ltr'><strong>vestis</strong></span> <span class='ocrx_word' id='word_1_427' title='bbox 1295 4679 1356 4736; x_wconf 92' lang='lat' dir='ltr'><strong>quo</strong></span> <span class='ocrx_word' id='word_1_428' title='bbox 1395 4660 1475 4717; x_wconf 87' lang='lat' dir='ltr'><strong>facto</strong></span> <span class='ocrx_word' id='word_1_429' title='bbox 1500 4663 1542 4720; x_wconf 87' lang='grc'><strong>36</strong></span> 
     </span>
    </p>
   </div>
   <div class='ocr_carea' id='block_1_4' title="bbox 0 0 1893 5364">
    <p class='ocr_par' dir='ltr' id='par_1_7' title="bbox 0 0 1893 5364">
     <span class='ocr_line' id='line_1_43' title="bbox 0 0 1893 5364; baseline 0 0"><span class='ocrx_word' id='word_1_430' title='bbox 0 0 1893 5364; x_wconf 95' lang='lat' dir='ltr'><strong> </strong></span> 
     </span>
    </p>
   </div>
  </div>
 </body>
</html>
