3742 5364
228 335 303 393 ΙΙΒῙ
844 337 904 393 140

271 516 451 582 Semenies
486 517 640 580 tekuries
684 516 749 578 sim
791 517 903 579 kann
947 522 1172 578 Semenstribus
1207 521 1341 578 decuriis
1367 537 1460 578 suem
1484 538 1541 578 ca·

229 639 329 701 prum
351 628 469 700 upetu.
512 616 852 699 tekviaslfamedias
875 641 993 697 aprum
1017 632 1135 697 optato.
1182 615 1540 699 Decurialeslfamiliae

333 829 347 884 1
373 827 493 883 Gentes
516 825 697 882 foederatae
720 842 788 881 cum
812 824 841 880 in
865 841 953 880 sacra
975 825 1171 890 conveniunt,
1194 841 1245 881 sus
1261 832 1294 882 et
1309 842 1403 899 caper
1426 825 1539 883 immo-

231 927 329 983 lantur
350 926 471 983 hostiae
493 943 622 1000 quarum
644 925 785 981 carnibus
807 925 976 981 distributis
999 924 1234 983 viscerationem
1257 925 1324 982 dari
1346 924 1480 984 vidimus
1505 926 1540 983 in

232 1045 303 1085 aere
327 1028 445 1102 quinto,
466 1027 516 1084 ubi
533 1026 686 1085 Casilates
708 1026 866 1100 pulmenta
882 1025 971 1082 suilla
986 1035 1018 1081 et
1041 1027 1167 1100 caprina
1189 1025 1318 1083 dimidio
1341 1026 1538 1101 pluraquam

232 1127 382 1186 Clavernii
405 1128 561 1203 accipiunt
582 1128 655 1183 ideo
679 1127 764 1201 quod
788 1126 915 1183 dimidio
938 1126 1039 1201 plures
1062 1128 1119 1184 illis
1142 1134 1246 1194 erant,
1280 1127 1339 1202 ipsi
1371 1126 1454 1183 enim
1486 1125 1539 1185 hic

232 1230 372 1305 tripertiti
396 1237 556 1303 apparent,
580 1228 731 1285 Clavernii
755 1227 899 1301 bipertiti.
946 1226 1062 1284 Probus
1086 1229 1127 1284 ad
1152 1228 1267 1302 Vergili
1291 1245 1396 1302 georg.
1413 1227 1536 1287 11380:

227 1339 380 1407 postquam
403 1332 570 1388 mortalium
590 1350 684 1405 genus
706 1331 794 1404 coepit
815 1348 903 1385 carne
924 1330 1002 1387 uesci
1099 1330 1203 1402 proma
1225 1329 1417 1384 existimatur
1436 1326 1538 1384 hostia

224 1429 325 1508 fuisse
345 1451 403 1500 sus,
425 1433 553 1488 secanda
576 1439 670 1504 caper.
715 1448 809 1504 porco
843 1447 936 1486 caeso
970 1436 1089 1486 veteres
1114 1439 1145 1486 et
1168 1429 1301 1486 iunxisse
1337 1427 1470 1485 foedera
1503 1437 1538 1485 et

232 1533 367 1590 firmasse
390 1532 491 1588 multis
519 1531 700 1588 testimoniis
723 1547 760 1586 ac
781 1530 989 1586 monumentis
1013 1539 1151 1597 constat,
1174 1531 1338 1604 saetigerae
1348 1530 1448 1608 fetum
1470 1530 1539 1588 suis

234 1635 431 1706 intonsamque
447 1632 584 1689 bidentem
594 1632 744 1705 Vergilius
757 1631 816 1686 Xll
825 1631 982 1687 Aeneidos
991 1626 1031 1706 (v.
1042 1629 1114 1704 170)
1125 1631 1301 1688 adhibuisse
1314 1631 1433 1689 foederi
1447 1649 1538 1689 more

233 1744 345 1808 graeco
369 1735 506 1792 traditur⁴
552 1733 661 1789 tekazas
684 1733 822 1788 indidem
844 1732 927 1788 unde
950 1731 1081 1800 tekurr'es,
1105 1733 1137 1788 id
1154 1743 1201 1790 est
1217 1751 1236 1789 a
1251 1733 1379 1789 denario
1402 1751 1538 1791 numero

236 1836 364 1891 ductum
387 1853 457 1891 esse
481 1835 585 1908 liquet,
608 1841 712 1908 potest
735 1833 778 1887 vel
803 1833 985 1890 substantivi
1009 1835 1140 1890 nominis
1157 1850 1247 1890 casus
1270 1835 1408 1909 patricus
1430 1834 1538 1908 putari

235 1935 280 1990 vel
304 1936 446 1992 adiectivi
468 1946 568 1992 rectus
591 1934 764 2009 plurativuS,
789 1934 829 1990 illi
852 1934 990 2009 opinioni
1007 1934 1108 1990 favere
1127 1935 1268 1990 videntur
1280 1933 1353 1992 Osci
1379 1935 1432 2010 qui
1453 1935 1539 1993 viam

235 2036 377 2110 Pompeis
401 2045 549 2094 vocarunt
574 2036 753 2092 deklsarartm
776 2056 794 2092 a
817 2037 923 2109 deqae'o
946 2036 990 2093 sic
1016 2037 1132 2093 dictam
1162 2047 1196 2093 ut
1226 2054 1244 2092 a
1267 2035 1381 2093 familia
1405 2036 1538 2095 familia·

235 2155 307 2204 rem,
331 2157 349 2194 a
372 2138 498 2194 decuria
521 2137 716 2194 decurialem.
762 2146 829 2193 utro
863 2139 958 2194 modo
993 2139 1137 2212 accipias,
1173 2138 1214 2192 ad
1248 2136 1435 2195 senteutiam
1470 2156 1540 2195 nou

234 2239 361 2296 multum
382 2240 519 2306 interest,
555 2239 650 2295 modo
673 2239 784 2295 decern
806 2256 884 2312 quae
907 2240 1055 2313 deinceps
1079 2240 1275 2296 nominantur
1305 2248 1416 2313 gentes
1438 2258 1538 2297 unum

235 2359 344 2416 corpus
369 2341 508 2397 effecisse
532 2349 640 2397 teneas
664 2340 789 2414 eiusque
813 2341 949 2415 corporis
974 2341 1127 2415 legitimos
1151 2349 1324 2397 conventus
1345 2358 1459 2397 nomen
1479 2340 1539 2399 ha·

235 2442 338 2498 buisse
359 2442 510 2500 decurias.
556 2450 620 2497 tum
638 2443 809 2517 pumpedr'as
831 2460 849 2498 a
869 2450 969 2516 pompe
992 2443 1093 2498 idest
1115 2442 1254 2515 quinario
1279 2458 1405 2497 numero
1427 2441 1540 2515 appel-

235 2544 316 2600 latae
339 2552 442 2617 partes
466 2551 536 2599 sunt
559 2543 737 2599 decuriatae
763 2542 964 2599 multitudinis
986 2543 1128 2599 minores.
1165 2543 1265 2600 curias
1281 2560 1299 2598 a
1317 2543 1447 2599 Romulo
1472 2542 1540 2599 dis·

235 2646 363 2722 tributas
396 2639 443 2718 εἰς
466 2639 605 2719 δεκάδας
628 2644 792 2719 Dionysius
816 2653 917 2701 narrat
939 2645 1193 2719 decuriarumque
1216 2645 1335 2700 Romae
1358 2660 1451 2718 quam
1472 2642 1536 2699 sre·
1559 2638 1563 2643 ’

238 2763 336 2819 quens
360 2763 433 2802 usus
458 2744 545 2802 luerit
567 2763 659 2801 nemo
682 2747 795 2813 nescit,
819 2746 1084 2821 quinquepertitae
1118 2746 1276 2802 divisionis
1299 2754 1416 2802 certum
1439 2746 1539 2803 vesti·

237 2847 320 2921 gium
342 2847 388 2902 vix
413 2847 505 2903 ullum
536 2847 568 2902 in
595 2847 777 2920 antiquitate
809 2864 935 2903 romana
958 2855 1062 2903 extare
1087 2847 1219 2905 memini.
1266 2855 1298 2904 at
1318 2865 1386 2904 cum
1410 2845 1540 2905 Vmbris

239 2947 418 3004 Samnitium
442 2948 619 3021 congruisse
641 2948 780 3004 instituta
815 2966 852 3002 ex
888 2948 992 3004 tabula
1021 2948 1124 3005 votiva
1147 2947 1270 3021 conlegi
1292 2965 1383 3020 quam
1405 2945 1542 3021 Capuae

238 3046 347 3105 Cluatii
370 3065 500 3122 posuere
522 3049 566 3104 sic
588 3049 766 3122 inscriptam
788 3060 915 3122 utraque
934 3057 1035 3122 parte:
1054 3049 1224 3121 paoperias
1238 3044 1395 3123 pustmlas]
1418 3046 1543 3106 Kluva·

236 3149 319 3204 titum
343 3148 508 3219 (Zvetaieff
527 3149 659 3224 sylloges
675 3151 762 3206 inscr.
779 3167 841 3207 osc.
859 3168 888 3208 n.
904 3152 957 3211 32}
982 3167 1073 3224 quam
1094 3149 1187 3206 latine
1212 3150 1419 3224 interpreteris
1446 3152 1544 3223 quasi

187 3231 188 3234 Ἴ
239 3250 411 3321 quincurr'ae
431 3255 597 3322 postremae
630 3248 807 3306 Claotroram
841 3247 966 3322 (Nissen
993 3249 1249 3323 Pompeianorum
1272 3267 1300 3323 p.
1322 3243 1405 3324 550).
1450 3253 1545 3323 quod

239 3347 312 3406 Osci
327 3349 504 3422 pamperz'as,
522 3350 693 3423 parrpedzas
705 3349 811 3405 Vmbri
833 3350 1078 3423 pronuntiarunt,
1102 3366 1164 3405 non
1183 3349 1346 3405 dissimiles
1366 3348 1426 3405 alia
1443 3351 1545 3410 verba

238 3451 321 3522 apud
344 3448 439 3506 Italos
464 3451 544 3506 vices
570 3451 725 3505 subierunt
749 3450 831 3506 velut
860 3448 1012 3505 arbitratu
1035 3451 1201 3523 adpatratr',
1215 3448 1367 3526 soazedzas
1379 3447 1542 3526 santellas.

239 3548 364 3624 Capuae
380 3551 551 3623 pamperias
572 3551 661 3607 unius
685 3551 785 3624 gentis
808 3550 910 3624 plures
928 3550 1033 3618 fuisse,
1057 3550 1214 3608 minimum
1237 3559 1298 3607 tres
1321 3549 1544 3623 intellegimus

237 3650 353 3724 iguvini
376 3668 438 3707 non
461 3651 595 3725 singulas
617 3661 726 3725 gentes
751 3652 807 3707 scd
829 3651 1002 3709 universam
1025 3652 1182 3708 decuriam
1207 3683 1241 3691 —
1265 3653 1345 3709 hauc
1367 3651 1429 3709 iam
1451 3670 1545 3713 more

239 3769 366 3809 romano
389 3753 461 3810 dico
483 3771 538 3828 pro
561 3752 734 3809 hominibus
758 3753 814 3809 rite
837 3754 1018 3810 coeuntibus
1042 3784 1081 3792 -
1103 3753 1135 3809 in
1150 3755 1323 3827 pumpedias
1344 3754 1545 3813 distribuisse

240 3854 392 3914 videntur.
427 3872 498 3910 nam
522 3872 591 3911 cum
618 3862 727 3928 gentes
755 3855 866 3911 decern
893 3854 952 3910 sint
982 3871 1100 3928 eaeque
1133 3853 1237 3927 viginti
1271 3853 1545 3929 comprehendant

239 3955 381 4024 familias,
409 3956 580 4028 pampedtas
602 3965 705 4012 autem
728 3957 894 4014 duodecim
918 3958 1067 4024 serantur,
1099 3957 1181 4014 hunc
1215 3974 1374 4012 numerum
1402 3955 1459 4013 illis
1485 3959 1545 4033 qui

240 4056 437 4112 conciliemus
460 4057 566 4113 nescio
590 4057 693 4113 nisisi
715 4058 846 4130 gentiles
871 4058 963 4114 fuisse
984 4057 1142 4114 minimum
1177 4059 1338 4132 sexaginta
1366 4064 1544 4117 statuamus

241 4167 344 4215 ternos
368 4157 430 4213 fere
450 4175 488 4212 ex
511 4159 635 4232 singulis
659 4147 776 4215 familiis
800 4160 896 4215 lectos
913 4161 964 4234 qui
986 4160 1018 4215 in
1034 4159 1203 4216 duodecim
1226 4153 1396 4235 πεμπάδας
1418 4157 1544 4218 disces·

241 4260 344 4317 serint.
386 4278 425 4316 an
448 4260 520 4317 ideo
543 4260 603 4316 XII
618 4262 806 4333 puapea'a'as,
842 4262 926 4335 quod
954 4270 1063 4334 gentes
1094 4262 1216 4318 fuerant
1244 4261 1302 4317 XII
1324 4261 1544 4320 adnumeratis

242 4360 384 4417 Petronia
405 4370 436 4417 et
459 4354 622 4433 Vocia'ssl
638 4362 664 4417 Α
679 4363 717 4420 35
742 4361 817 4421 Bae
843 4361 879 4419 cf.
903 4358 1061 4436 vllem?
1109 4363 1186 4419 haec
1214 4361 1351 4437 quamvis
1377 4360 1545 4419 desidere-

241 4479 308 4520 mus
332 4462 490 4537 percipere
513 4463 715 4537 exploratius,
738 4463 809 4537 quia
830 4463 962 4520 brevitas
986 4463 1132 4520 orationis
1155 4463 1343 4536 aliorumque
1366 4462 1543 4523 documen·

241 4572 339 4620 torum
358 4564 486 4638 penuria
510 4581 612 4621 crassa
635 4565 763 4638 caligine
793 4565 959 4632 obstruxit,
994 4565 1115 4621 interim
1149 4572 1307 4638 nequeunt
1338 4563 1467 4638 perduci
1497 4566 1545 4625 ad

246 4665 401 4738 liquidum.
447 4665 580 4722 imitatur
598 4667 780 4738 pumpea‘zam
808 4667 887 4740 regis
910 4682 1023 4721 nomen
1046 4663 1165 4722 Numae
1188 4663 1327 4739 Pompilii
1350 4663 1400 4739 qui
1422 4664 1545 4739 primus
