3742 5364
235 341 300 406 VIn
308 350 347 408 24
363 341 446 408 tiit
865 346 904 407 74

230 531 289 612 poi
311 530 438 592 habina
453 529 661 610 purdinsust,
685 530 849 592 destruco
865 556 890 593 n
903 535 955 609 qui
966 534 1116 592 habinnas
1130 538 1306 611 porrexerit,
1332 537 1373 594 ad
1386 537 1536 595 dextrum

226 738 368 812 perrclom
391 754 511 793 sacrum
533 748 565 791 et
578 737 730 809 persnimu
752 746 894 810 precator
909 737 1091 810 supplicato,
1115 738 1254 796 indidem
1263 748 1382 812 perron·
1399 742 1534 798 ductum

233 848 308 913 puto
330 840 372 894 ad
393 838 564 911 exemplum
588 839 722 893 edonum
745 838 892 894 bibonum
914 839 1008 913 idque
1033 849 1155 896 auctum
1184 843 1390 914 comparativa
1412 842 1537 918 syllaba

233 941 316 997 cuius
340 941 383 995 vis
406 940 571 995 etiamnum
595 957 632 994 ex
654 939 700 994 liis
724 939 835 995 tabulis
859 949 963 1013 potest
985 941 1103 1013 aperiri,
1127 943 1152 996 si
1168 943 1291 1015 quidem
1314 945 1537 1001 secundarium

233 1060 353 1116 semper
373 1059 492 1098 sacrum
520 1047 674 1114 perconter
695 1049 743 1097 est
777 1049 807 1097 et
840 1041 1070 1105 succidaneum,
1098 1061 1262 1117 numquam
1288 1045 1374 1118 primi
1405 1045 1536 1104 ordinis.

232 1153 340 1201 natura
364 1161 417 1199 sua
440 1143 624 1198 adiectivum
648 1152 694 1198 est
719 1143 897 1198 vocabulum
921 1144 1099 1216 indicatque
1122 1145 1183 1199 deo
1207 1145 1291 1218 quod
1313 1146 1438 1202 offertur
1461 1145 1535 1202 loco

233 1247 381 1303 secundo,
425 1262 464 1301 ne
487 1246 518 1299 in
540 1243 618 1299 hunc
642 1244 768 1317 quidem
791 1245 878 1316 siqua
901 1244 1070 1300 admittitur
1092 1263 1162 1317 pars
1185 1246 1339 1314 sacrificii,
1362 1265 1433 1304 eam
1456 1266 1535 1305 uern-

226 1353 409 1419 personlram
432 1345 598 1419 appellant,
623 1353 655 1400 ut
679 1345 779 1401 Latini
802 1362 949 1400 vesanum
971 1345 1127 1401 hominem
1150 1349 1200 1420 qui
1221 1348 1345 1404 minime
1367 1357 1414 1404 est
1438 1366 1537 1406 sanus

233 1457 264 1505 et
289 1449 457 1521 vegrandia
480 1447 558 1502 sarra
583 1463 663 1518 quae
686 1447 764 1502 rnalc
788 1455 957 1503 creverunt.
1003 1448 1107 1520 itaque
1130 1450 1263 1523 demptis
1287 1450 1428 1522 prosiciis
1452 1467 1539 1522 quae

232 1559 349 1606 restant
370 1567 478 1606 carnes
501 1548 609 1604 ovillae
634 1547 677 1607 iv
697 1551 712 1606 7
736 1565 806 1605 cum
827 1566 889 1604 uon
913 1558 1016 1604 sectae
1039 1551 1180 1606 dicuntur
1203 1551 1352 1607 vocabulo
1375 1552 1537 1606 communi

233 1661 297 1708 tum
316 1651 493 1706 dividuntur
515 1658 772 1723 numeranturque
793 1652 944 1717 insectae,
975 1652 1007 1706 id
1029 1661 1077 1706 est
1099 1662 1132 1707 ut
1154 1652 1186 1708 lit
1209 1653 1239 1707 in
1262 1653 1458 1725 prosecando
1481 1671 1539 1709 ac·

233 1755 315 1809 cisae
340 1769 419 1825 quae
437 1751 543 1807 insicia
567 1760 653 1806 erant
675 1752 705 1806 in
729 1753 864 1807 carmine
888 1751 1035 1808 Saliorum
1059 1753 1171 1824 (Varro
1194 1752 1222 1806 V
1236 1747 1319 1829 110),
1353 1762 1385 1809 et
1407 1771 1537 1828 vempe·

233 1863 354 1909 suntrae
377 1852 408 1908 id
431 1860 479 1908 est
501 1852 654 1907 minimam
678 1860 823 1925 expertae
847 1852 1069 1908 obsecrationis
1100 1855 1317 1910 necessitatem
1345 1855 1538 1927 minimaque

234 1954 379 2026 religione
395 1953 570 2018 obstrictae,
594 1952 727 2025 denique
751 1970 868 2026 suppae
891 1971 985 2009 sanae
1008 1954 1100 2009 idest
1120 1953 1183 2009 iere
1205 1955 1339 2011 intactae
1355 1963 1538 2028 exemptae·

234 2071 292 2128 que
317 2063 398 2113 voto,
444 2056 514 2129 quia
537 2063 640 2109 autem
667 2055 758 2109 etiam
786 2053 831 2108 iris
855 2055 994 2111 carnibus
1024 2055 1156 2111 inlibatis
1185 2065 1217 2111 et
1245 2057 1331 2130 quasi
1358 2055 1537 2131 profanatis

235 2165 338 2212 tamen
358 2165 536 2229 precantur,
565 2163 728 2229 propterea
762 2173 824 2210 non
848 2163 1077 2228 onipersunlram
1101 2166 1247 2213 vocarunt
1270 2159 1327 2214 sed
1350 2175 1538 2231 vempesun-

146 2312 150 2319 ,
233 2265 309 2312 tram
333 2253 416 2327 (HA
433 2252 492 2332 30).
537 2265 645 2312 contra
677 2257 738 2312 deo
767 2256 857 2312 datur
884 2263 1044 2329 persunlra
1076 2267 1108 2313 ut
1134 2276 1212 2332 quae
1235 2259 1420 2332 plenissime,
1459 2260 1539 2332 quid

232 2367 337 2414 autern
360 2359 509 2414 subdatur
533 2359 707 2414 succidanei
741 2358 806 2415 aliis
829 2359 1000 2415 nominibus
1033 2368 1155 2434 oportet
1178 2359 1304 2419 deliniri.
1350 2368 1381 2415 et
1402 2359 1471 2415 ΠΒ
1491 2363 1534 2419 13

233 2460 290 2514 tria
313 2460 421 2533 quibus
445 2460 476 2514 id
500 2458 552 2515 fiat
574 2459 714 2532 leguntur
736 2461 860 2515 nomina
892 2477 955 2515 non
983 2462 1024 2517 ad
1047 2479 1110 2516 reru
1138 2462 1312 2534 pecuariam
1341 2461 1534 2534 pertinentia

233 2561 290 2616 sed
314 2561 355 2616 ad
376 2560 565 2634 panificium,
599 2570 631 2615 ut
664 2569 735 2633 post
767 2578 893 2634 caprum
928 2570 1032 2633 pateat
1056 2578 1133 2634 opus
1156 2562 1316 2635 pistorium
1339 2559 1450 2616 inferri.
1500 2571 1537 2619 at

234 2662 262 2718 ΙΙ
278 2663 339 2720 Α8
363 2671 393 2718 et
417 2664 446 2717 in
469 2662 529 2718 hoc
551 2663 651 2736 capite
674 2663 705 2717 in
727 2663 831 2718 tabula
850 2662 863 2718 Ι
884 2661 982 2739 sardus
995 2671 1158 2736 pesontros
1174 2662 1321 2729 videmus,
1345 2678 1421 2734 quos
1443 2680 1473 2735 p.
1491 2664 1535 2722 39

233 2781 269 2818 ex
294 2762 320 2816 V
338 2763 361 2818 B
380 2764 418 2819 12
441 2763 647 2819 demonstravi
681 2779 791 2836 porcos
826 2779 896 2818 esse
921 2763 966 2818 vel
999 2763 1147 2835 porcilias.
1193 2772 1284 2836 atque
1307 2762 1394 2817 suillo
1415 2779 1538 2835 pecore

233 2864 340 2920 solitos
363 2880 432 2919 esse
456 2865 611 2938 quondam
634 2881 798 2936 procurare
821 2864 1007 2919 succidanea
1038 2881 1105 2919 cum
1138 2882 1191 2936 per
1220 2881 1253 2919 se
1276 2864 1407 2918 maxime
1431 2865 1536 2919 credi·

233 2965 293 3020 bile
315 2974 372 3032 est,
397 2966 482 3042 quod
506 2965 785 3038 frequentissimum
808 2982 935 3020 numero
958 2974 1126 3038 paratuque
1156 2965 1329 3022 facillimum
1363 2963 1417 3019 suit
1452 2974 1486 3019 et
1510 2966 1539 3021 si

234 3064 364 3122 Varroni
386 3068 495 3134 credie,
517 3068 556 3124 ab
580 3086 617 3122 eo
641 3068 808 3123 inmolandi
831 3068 947 3122 Initium
980 3067 1109 3140 primunr
1132 3077 1295 3140 sumptum,
1331 3076 1394 3122 tum
1417 3083 1537 3138 graeco

233 3162 455 3241 καθαρμάτων,
478 3185 606 3225 romano
630 3167 819 3240 piaculorum
841 3185 926 3222 more
948 3168 1162 3239 comprobatur
1180 3165 1272 3238 (Cato
1286 3184 1353 3241 cap.
1371 3169 1428 3225 141
1443 3177 1538 3237 extr„

232 3267 380 3324 Marinius
403 3276 462 3326 act.
486 3268 556 3326 Arv.
580 3287 608 3341 p.
626 3267 711 3340 306).
755 3268 816 3324 iam
839 3280 908 3324 vero
931 3269 1108 3324 incurrimus
1133 3269 1162 3324 in
1186 3269 1299 3341 spinas.
1344 3286 1415 3323 nam
1439 3269 1547 3346 sudicf

232 3386 286 3424 aes
309 3370 457 3426 vetustius
480 3379 640 3436 memorat,
675 3370 827 3425 recentius
851 3370 983 3443 priorem
1005 3369 1138 3424 hostiam
1162 3386 1259 3442 aeque
1288 3387 1401 3432 sorsum,
1423 3378 1537 3442 poste·

232 3471 342 3526 riorem
365 3479 469 3527 autem
490 3471 645 3545 nestorem.
691 3489 769 3545 quae
792 3471 938 3544 quoniam
961 3472 1004 3526 sic
1022 3472 1101 3526 inter
1124 3488 1156 3525 se
1182 3478 1388 3543 opponuntur,
1419 3484 1535 3524 conse-

233 3587 328 3644 quens
352 3572 471 3629 videtur
490 3572 569 3628 hanc
590 3582 623 3629 ut
645 3591 824 3630 revocemus
848 3574 888 3628 ad
911 3591 1009 3646 genus
1033 3573 1154 3646 pecoris
1182 3573 1267 3627 cuius
1289 3580 1352 3628 tam
1374 3571 1538 3644 proprium

232 3671 386 3729 stabulum
407 3674 445 3728 sit
468 3691 558 3747 quam
582 3674 655 3730 hara
677 3693 778 3742 suum,
811 3692 939 3748 cumque
963 3675 1103 3731 victimae
1127 3682 1158 3729 et
1181 3675 1297 3729 maiora
1326 3670 1469 3729 animalia
1494 3673 1537 3729 ab

232 3772 381 3830 hocloco
404 3775 598 3843 abhorreant,
621 3787 653 3832 ut
676 3794 789 3849 agnam
812 3775 984 3832 haedumve
1002 3775 1195 3847 accipiamus,
1220 3775 1295 3848 quid
1314 3767 1422 3846 igitur?
1444 3772 1536 3829 itane

233 3875 385 3931 dissident
407 3877 447 3931 de
470 3878 528 3933 ritu
548 3896 620 3934 aera
642 3878 656 3933 l
678 3886 710 3933 et
733 3876 775 3933 VI
806 3886 839 3933 ut
861 3876 936 3933 illud
958 3893 1079 3951 porcos,
1113 3875 1173 3931 hoc
1200 3892 1328 3948 porcum
1353 3874 1446 3929 etde
1470 3883 1538 3930 sta·

232 3976 304 4032 bulo
327 3979 479 4051 pecudem
502 3974 652 4051 imperet?
689 3995 791 4033 verum
825 3979 907 4034 enim
940 3996 980 4033 ne
1018 3977 1074 4033 sibi
1097 3977 1223 4050 quidem
1256 3984 1344 4032 vetus
1377 3975 1539 4048 exemplar

232 4087 368 4135 constat:
406 4096 477 4134 nam
500 4079 720 4152 cumprimum
755 4080 857 4133 sudum
886 4083 1039 4151 perreniru,
1073 4085 1261 4150 postremum
1295 4077 1336 4131 ad
1370 4083 1538 4150 utramque

232 4179 457 4252 designandam
478 4178 611 4234 hostiam
630 4175 729 4254 suctus
743 4179 905 4252 scripserit,
928 4179 959 4233 in
976 4178 1080 4235 nredio
1096 4195 1160 4233 non
1175 4179 1260 4251 quod
1275 4184 1420 4250 expectes
1440 4183 1536 4235 etrum

232 4281 334 4345 sudum
349 4285 521 4352 pesuntrum
545 4279 807 4353 deprehendimus
823 4280 880 4336 sed
896 4279 956 4334 hoc
976 4281 1078 4334 sudum
1094 4283 1266 4350 pesunlrum
1278 4276 1361 4354 scitu
1381 4277 1466 4351 stasti
1488 4280 1536 4334 iu·

232 4380 335 4434 vesmik
359 4398 423 4454 eqs.
468 4380 513 4435 his
536 4382 566 4435 in
590 4381 687 4437 verbis
710 4380 824 4453 aliquid
838 4397 987 4456 peccasse
1010 4380 1196 4453 sculptorem
1212 4387 1334 4436 constat
1356 4395 1415 4435 nec
1430 4380 1536 4439 minus

238 4483 442 4553 separandum
465 4499 534 4538 esse
557 4481 640 4536 asinii
662 4490 694 4537 et
716 4481 906 4537 reiciendum
939 4482 970 4537 in
994 4498 1128 4555 sequens
1159 4481 1361 4549 enuntiatum,
1395 4481 1536 4557 denique

196 4644 199 4649 ¹
233 4596 325 4652 quam
347 4582 387 4636 ob
411 4599 535 4638 causam
559 4584 654 4640 modo
689 4590 779 4640 etrum
801 4601 860 4659 ego
896 4583 981 4654 finxi,
1016 4585 1082 4641 eius
1106 4584 1286 4640 discriminis
1310 4600 1404 4639 causa
1427 4602 1537 4643 acces·

232 4681 308 4738 sisse
332 4684 373 4738 ad
401 4685 503 4739 sudum
520 4693 552 4756 p.
578 4702 656 4758 quae
679 4687 758 4742 inter
771 4685 854 4763 seila
876 4695 907 4742 et
928 4686 1014 4743 esmilr
1037 4685 1199 4743 interiecta
1214 4693 1293 4742 sunt.
1333 4686 1444 4759 ecquid
1460 4706 1536 4749 vero
