3742 5364
228 325 342 385 Vlrt55
359 326 422 383 IA6
867 325 907 381 60

313 507 424 568 'l'ases
468 506 644 586 persnimu
682 504 685 585 l
718 524 889 566 sevom.rn
987 507 1114 564 Tacitus
1169 516 1311 581 precator
1363 507 1368 576 1
1419 514 1534 592 totum.

229 627 327 668 surur
349 607 546 687 purdovitu,
579 615 761 685 proseseto
784 625 851 685 „rra—
904 610 977 664 item
1017 608 1172 681 porricito,
1215 616 1360 682 prosecta
1395 616 1533 676 narrat0,

229 716 317 780 ratu,
340 707 532 787 prosesetir
554 705 646 767 mcfa
670 704 778 786 speia,
812 703 850 766 fr-
903 711 1052 784 prosectis
1094 709 1207 766 melam
1248 710 1376 784 speiam,
1414 710 1533 766 fitillam

230 917 424 975 suetudinem
457 913 622 970 umbricam
656 912 780 967 minoris
802 912 931 985 pendas.
978 929 1050 967 nam
1086 917 1273 966 consuerunt
1296 908 1422 982 quidem
1445 908 1533 964 abla-

231 1019 324 1075 tivum
346 1016 449 1072 lacere
463 1013 595 1087 pz'baclu,
633 1013 796 1067 deseruere
827 1020 930 1067 tamen
954 1010 1055 1084 legem
1089 1009 1146 1066 Vll
1164 1009 1218 1067 Bl
1257 1027 1335 1065 suero
1361 1006 1534 1084 fratrecale

230 1114 293 1192 (suo
305 1114 489 1194 sralrz'calu)
521 1122 553 1169 et
575 1112 732 1185 vitato,
767 1130 826 1185 quo
849 1113 944 1168 modo
967 1112 998 1166 in
1015 1111 1105 1168 Oscis
1129 1128 1219 1168 casus
1242 1110 1371 1168 lluctuat
1392 1111 1472 1166 inter
1494 1110 1538 1165 od

230 1228 262 1275 et
284 1219 327 1273 ud
344 1227 376 1273 ct
398 1216 484 1273 huius
507 1216 585 1272 aeris
609 1214 742 1287 sculptor
765 1213 847 1269 VIA
864 1214 902 1271 35
926 1213 1025 1286 primo
1048 1212 1156 1269 incidit
1172 1211 1292 1284 pilzaclo
1316 1217 1389 1267 etru.
1435 1217 1533 1283 atque

229 1320 395 1378 ablativum
417 1318 510 1374 etiam
534 1317 606 1372 ideo
629 1325 728 1389 opteS,
760 1301 846 1388 quod
870 1315 962 1369 boves
986 1313 1094 1386 singuli
1117 1314 1176 1368 iam
1199 1331 1292 1387 supra
1314 1313 1436 1386 piacula
1458 1318 1534 1368 sunt

230 1421 409 1493 nuncupati,
432 1435 514 1474 nunc
536 1434 655 1473 summa
678 1415 829 1488 colligitur
861 1415 955 1489 idque
978 1414 1186 1488 scrupulosius
1220 1414 1265 1471 bis
1299 1413 1396 1469 verbis
1429 1418 1455 1467 te
1476 1411 1535 1467 lrac

231 1523 362 1579 lrr‘m'lale
383 1520 465 1576 boum
479 1519 608 1592 piaculo.

329 1624 368 1681 55
390 1622 450 1677 iam
474 1619 726 1676 caerimoniarum
751 1618 948 1674 continuatur
963 1618 1105 1674 narratio.
1142 1617 1254 1680 iacr‘lur,
1279 1616 1323 1672 sic
1339 1633 1392 1671 aes
1415 1631 1535 1671 novum

232 1731 420 1790 constanter,
444 1739 511 1778 cum
535 1729 621 1775 vetus
644 1719 747 1775 tabula
771 1717 867 1774 variet
889 1705 967 1773 laiez
990 1726 1021 1773 et
1043 1717 1130 1795 lrrrlrſs
1168 1725 1259 1790 alque
1278 1734 1380 1773 arcem
1402 1716 1534 1789 expians

231 1826 333 1881 omnia
355 1819 442 1898 butes
459 1822 606 1879 sacerdos
628 1829 781 1895 precatur,
816 1836 911 1875 unum
934 1818 1062 1875 'l'efrurn
1096 1820 1189 1875 deum
1223 1817 1350 1874 inferum
1385 1817 1433 1873 cui
1464 1815 1533 1892 pel·

231 1934 336 1982 santur
364 1925 482 1981 hostiae
505 1924 610 1978 tacr'las
632 1923 706 1980 adit.
749 1930 836 1995 patet
858 1922 945 2000 knies
960 1942 978 1978 a
1000 1924 1085 1978 lacr'lo
1119 1930 1182 1978 tam
1214 1940 1310 1996 prope
1344 1920 1460 1978 aluisse
1496 1928 1534 1978 ut

231 2026 383 2099 posterior
404 2033 489 2080 aetas
512 2042 575 2079 non
598 2033 718 2079 curaret
738 2023 910 2080 discrimen.
953 2023 1099 2078 adverbia
1122 2024 1152 2078 in
1165 2023 1196 2101 s
1215 2023 1318 2080 italica
1341 2024 1382 2079 ad
1410 2021 1534 2079 fabulas

232 2127 387 2199 delegate,
411 2126 469 2181 nisi
485 2124 552 2202 pus
567 2125 666 2197 excipi
682 2125 725 2179 vis
749 2124 825 2179 dicis
848 2142 952 2191 causa,
976 2122 1046 2179 huic
1069 2133 1172 2180 tamen
1195 2125 1307 2181 vocalis
1331 2125 1459 2180 desecta
1482 2132 1533 2180 est

230 2222 315 2305 (prpe
338 2210 411 2300 air).
456 2226 544 2304 kalis
561 2245 623 2282 non
642 2227 741 2281 minus
763 2226 955 2300 participium
981 2234 1029 2281 est
1053 2244 1143 2298 quam
1167 2227 1280 2294 lucitus,
1304 2227 1360 2281 sed
1384 2225 1474 2282 activi
1496 2233 1534 2281 ut

231 2324 322 2402 aedas.
367 2326 537 2399 significare
559 2327 641 2383 idem
664 2328 782 2382 videtur
805 2328 890 2400 quod
913 2346 1109 2392 rrrmvauruur,
1143 2345 1294 2401 persaepe
1330 2335 1434 2382 autem
1457 2335 1532 2383 vota

233 2427 409 2485 facientium
430 2427 677 2503 placentiumque
701 2430 777 2485 deos
801 2448 839 2485 ac
862 2447 948 2485 sacra
972 2430 1107 2485 carmina
1129 2429 1314 2485 volventium
1341 2445 1533 2484 commemo-

231 2537 313 2584 ratur
335 2547 470 2585 susurrus
493 2529 540 2584 vel
556 2547 696 2596 murmur,
720 2531 759 2585 de
776 2548 835 2604 quo
852 2531 921 2585 virle
937 2530 1088 2586 Tibullum
1111 2530 1184 2598 Ill,
1202 2532 1242 2588 84
1264 2529 1422 2587 Lucanum
1439 2529 1529 2588 1607

232 2627 387 2685 Valerium
408 2631 432 2686 F
435 2631 452 2689 l.
469 2630 528 2686 VH
542 2633 602 2688 464
623 2631 758 2687 Persium
776 2634 835 2696 2,5
859 2631 1035 2687 Iuvenalem
1055 2634 1101 2703 10,
1117 2634 1176 2688 280
1199 2631 1458 2705 interpretumque
1474 2630 1533 2687 ob-

233 2730 432 2787 servationes.
474 2733 622 2804 originem
647 2732 728 2787 verbi
752 2733 897 2805 copulare
921 2750 989 2788 cum
1010 2741 1134 2806 gutture
1156 2731 1236 2797 licet,
1260 2733 1344 2807 quod
1367 2733 1450 2788 vocis
1474 2732 1536 2788 iter

232 2838 332 2886 estet
355 2832 394 2886 ob
417 2842 708 2889 sonumcantumve
736 2834 934 2890 animantium
970 2833 1146 2906 frequenter
1170 2833 1348 2908 appellatur.
1392 2834 1436 2890 sic
1456 2851 1535 2907 gar-

232 2931 387 3004 garz'srare
414 2931 511 2988 Varro
544 2935 585 2988 ad
608 2935 767 2991 murmuris
801 2935 945 3008 vocisque
976 2935 1134 2992 notionem
1157 2936 1273 3008 aptavit
1305 2932 1396 2990 Nonii
1419 2951 1449 3007 p.
1472 2937 1534 2993 117

225 3037 359 3104 poemata
382 3034 443 3087 eius
461 3035 693 3107 gurgarz'dz'anr.
739 3035 850 3092 Graeci
872 3031 1088 3106 γογγύζουσιν
1112 3037 1196 3109 quod
1219 3035 1311 3092 latine
1333 3035 1413 3091 solet
1436 3035 1536 3109 expli-

232 3133 294 3189 cari
318 3151 373 3207 per
388 3151 520 3190 murmur
536 3144 567 3190 et
583 3135 731 3193 infractae
754 3139 956 3211 occultaeque
981 3136 1122 3211 loquelae
1143 3137 1298 3211 particeps
1322 3154 1390 3192 cum
1417 3138 1534 3197 τονθο-

169 3263 171 3269 ·
237 3229 342 3308 ρύζειν
368 3231 543 3308 ψιθυρίῑειν
566 3233 693 3310 γρύζειν
715 3233 818 3313 ἠρέμα
841 3236 1040 3312 φθέγγεσθαι
1062 3239 1093 3294 in
1124 3237 1228 3294 lexicis
1252 3238 1383 3311 antiquis
1408 3256 1536 3313 compa-

233 3344 325 3394 ratur.
371 3344 507 3393 ceterum
528 3337 630 3394 tabula
652 3338 665 3393 l
686 3338 745 3394 alio
769 3356 806 3395 ac
829 3338 873 3395 VI
909 3339 976 3395 loco
1007 3339 1066 3395 hoc
1091 3340 1130 3394 de
1155 3339 1304 3412 precandi
1326 3340 1420 3395 modo
1442 3357 1534 3413 prae-

235 3446 356 3511 ceptum
378 3437 511 3506 exhibet,
545 3439 597 3494 ubi
630 3457 678 3496 res
711 3458 850 3515 quaeque
879 3441 981 3496 divina
1015 3441 1149 3497 describi
1171 3440 1299 3508 desinit,
1329 3441 1535 3514 adiungitque

234 3545 395 3609 praeterea
418 3540 479 3596 duo
502 3540 594 3596 verba
616 3542 802 3615 neglectam
820 3542 863 3598 VI
887 3551 940 3598 aut
959 3543 1061 3616 potius
1085 3548 1148 3598 tum
1172 3541 1286 3598 abolita
1309 3543 1408 3614 adapes
1422 3537 1535 3618 (adepe,

237 3631 354 3715 (κόψεν)
378 3657 473 3706 arves,
496 3639 528 3696 id
551 3649 598 3696 est
619 3642 738 3716 adipeis
762 3643 878 3711 laneis,
901 3643 1009 3716 adipes
1032 3649 1217 3698 autemeam
1233 3643 1373 3698 carnibus
1396 3650 1427 3698 et
1442 3644 1534 3700 aratia

236 3739 417 3799 sacrificium
441 3741 706 3815 comprehendunt
727 3745 900 3801 universum
924 3762 960 3801 ae
983 3752 1087 3818 partes
1110 3751 1248 3817 prototo
1270 3744 1466 3800 nominantur
1488 3744 1538 3803 sic,

235 3849 396 3899 consertae
419 3842 669 3900 adnominatione
686 3853 719 3901 ut
735 3845 819 3902 dorni
842 3845 1006 3920 dvellique,
1028 3845 1108 3900 inter
1127 3861 1161 3900 os
1180 3850 1211 3899 et
1227 3844 1328 3913 offam,
1352 3839 1454 3902 vineta
1476 3845 1535 3902 vir·

234 3943 328 4017 gulia.

335 4047 373 4102 56
396 4045 534 4118 prosiciis
557 4045 633 4123 mesa
651 4045 732 4123 spefu
757 4047 940 4122 adiungitur.
986 4046 1045 4102 hoc
1069 4064 1139 4103 esse
1162 4046 1357 4115 adiectivnm‚
1391 4048 1535 4106 substan·

234 4145 326 4203 tivum
348 4145 424 4202 illud
446 4147 493 4202 vel
523 4146 568 4203 Vl
583 4148 605 4204 Β
623 4151 650 4207 9.
669 4153 706 4208 17
742 4150 788 4204 vcl
819 4149 884 4205 ΠΒ
904 4152 951 4207 13.
966 4151 1004 4207 28
1034 4150 1236 4205 demonstrat.
1282 4150 1413 4206 eundem
1440 4168 1536 4224 quem

235 4246 310 4324 reesa
332 4247 433 4304 locum
455 4249 486 4304 in
509 4249 574 4305 aliis
597 4251 750 4307 sacrificiis
773 4260 872 4308 strues
895 4260 927 4306 et
958 4250 1087 4307 farreum
1110 4251 1261 4319 obtinent,
1294 4261 1327 4307 ut
1360 4251 1406 4306 his
1435 4249 1533 4310 fuisse

235 4349 361 4405 similem
385 4349 529 4409 conicias¹
572 4370 610 4407 ex
633 4351 739 4408 litteris
766 4353 857 4408 latine
880 4353 971 4426 copia
993 4351 1026 4409 fit
1049 4353 1239 4426 exprimendi
1263 4371 1402 4417 mensam,
1437 4352 1535 4427 idque

235 4459 318 4507 recte
341 4451 404 4508 fieri
426 4452 498 4508 mihi
522 4454 698 4527 persuadeo
721 4464 877 4528 reputanS,
901 4455 1104 4528 antiquissimi
1126 4455 1201 4527 quid
1223 4472 1360 4512 mensam
1384 4454 1534 4524 vocarint,

235 4553 320 4608 cuius
343 4552 386 4607 rei
407 4555 554 4611 memoria
576 4556 694 4612 duravit
727 4575 781 4630 per
808 4557 950 4613 ambesas
980 4557 1107 4613 Aeneae
1128 4574 1261 4616 mensas,
1307 4556 1429 4612 maiorer
1458 4557 1536 4615 entia

236 4654 333 4709 nostri
349 4653 402 4708 hus
423 4673 535 4711 aienses
555 4655 745 4714 habebantur
765 4658 871 4714 tunore
889 4660 1016 4726 deorum,
1032 4657 1173 4731 puniceas
1193 4658 1304 4714 scilicet
1318 4656 1439 4716 Servius
1454 4656 1535 4720 Aen.
