3742 5364
700 345 759 402 117
1269 339 1369 397 vllal

117 521 189 584 Pisi
231 522 389 603 ‘panupei
432 521 585 586 fratrexs
632 495 765 585 fra-wiB
789 526 933 602 Quisquis
946 528 1133 602 quandoque
1152 529 1299 600 magister
1313 525 1372 582 fra·

74 633 151 686 trus
173 621 345 685 Atiersier
375 621 455 694 fust,
489 642 568 686 erec
596 641 699 684 sveso
752 628 844 685 tribus
898 629 1027 685 Atiediis
1093 629 1164 696 erit,
1237 629 1264 684 is
1316 644 1372 684 suo

73 723 265 787 fratrecate
297 722 435 804 portaia
460 742 609 785 sevacne
631 721 698 784 fra·
750 729 926 803 magisterio
984 737 1087 805 portet
1140 728 1257 785 hostias
1315 726 1373 783 fra·

176 933 273 993 VIIB
309 934 368 990 hoc
391 934 551 990 decretum
574 932 695 1007 collegii
714 932 856 989 inlustrat
879 933 1063 989 sententiam
1084 930 1223 989 versiculi
1248 929 1287 985 de
1311 945 1372 1003 quo

75 1036 172 1092 modo
195 1035 258 1091 dixi
281 1036 444 1110 subscripti
467 1037 497 1091 in
520 1036 549 1103 Ι,
583 1046 616 1092 ut
638 1036 724 1109 quod
744 1054 782 1091 ex
805 1036 898 1092 sacris
928 1035 1056 1109 publicis
1085 1035 1231 1109 lustrique
1256 1029 1373 1104 Iguuini

79 1137 274 1194 caerimoniis
299 1139 323 1194 si
345 1155 409 1195 non
432 1139 619 1213 singulorum
641 1138 799 1194 hominum
814 1138 999 1213 privatorum
1023 1146 1054 1195 at
1076 1145 1179 1194 tamen
1200 1131 1373 1192 sodalitatis

77 1246 152 1296 vota
174 1240 432 1314 operationesque
456 1248 545 1314 aptas
568 1240 722 1298 ostendat.
772 1239 884 1296 similes
912 1239 1026 1295 multae
1047 1239 1224 1295 sanctiones
1248 1253 1285 1292 ex
1308 1233 1371 1291 col·

75 1339 227 1412 legiorum
249 1341 326 1397 actis
343 1341 442 1397 latinis
458 1342 611 1400 novimus:
636 1341 765 1414 collegio
778 1340 959 1397 funeraticio
976 1341 1135 1397 Lanuvino
1151 1339 1273 1413 placuit,
1294 1336 1373 1410 quis·

76 1441 145 1514 quis
166 1442 306 1516 magister
326 1461 377 1498 suo
399 1461 478 1498 unito
508 1443 563 1498 erit
586 1444 628 1498 ad
655 1460 751 1498 cenam
763 1441 937 1519 faciendam
965 1448 991 1498 el
1010 1460 1068 1497 non
1087 1437 1208 1516 fecerit,
1239 1440 1264 1494 z's
1286 1455 1374 1493 arcae

76 1538 189 1617 urserat
210 1541 309 1599 XXX
326 1562 354 1601 n.
377 1537 519 1620 (Henzen
542 1542 594 1602 Or.
617 1562 646 1616 p.
660 1546 719 1601 211
733 1562 762 1600 n.
779 1542 885 1615 6086),
908 1543 940 1598 in
960 1543 1092 1616 collegio
1116 1558 1217 1616 aquae
1230 1541 1373 1596 Romano

73 1643 136 1699 nisi
159 1643 225 1716 quis
255 1644 431 1717 magisterio
459 1645 596 1701 abiturus
620 1645 723 1700 iurarit
751 1662 784 1700 se
812 1663 875 1700 rem
904 1645 969 1700 eius
998 1644 1120 1718 conlegi
1143 1639 1223 1699 bene
1246 1640 1374 1697 admini-

74 1753 190 1800 strasse
212 1761 312 1818 neque
334 1746 482 1802 adversus
515 1747 600 1819 leges
624 1719 733 1802 fecisse
762 1746 792 1800 z'u
815 1764 865 1800 suo
889 1745 1069 1820 magisteria,
1093 1762 1121 1801 u.
1146 1743 1179 1800 D
1204 1743 1295 1799 mullo
1319 1747 1395 1797 esto.

74 1842 188 1919 (Bruns
212 1844 287 1903 font.
310 1845 381 1902 iuris
405 1864 478 1906 rom.
502 1865 531 1920 p.
545 1844 647 1917 225³).
683 1865 750 1911 ‚nec
775 1847 965 1922 frequentius
989 1847 1159 1921 quidquam
1191 1845 1222 1901 in
1244 1844 1303 1901 hoc
1327 1842 1374 1900 lit·

74 1954 209 2003 terarum
231 1963 345 2019 genere
367 1948 427 2003 ista
451 1947 578 2005 formula
600 1949 641 2003 ilo
665 1950 711 2004 uli
728 1958 821 2022 supra
844 1949 981 2021 scriplum
1005 1953 1052 2003 est.

179 2050 194 2106 1
223 2030 345 2120 portata
367 2049 505 2105 indidem
530 2050 670 2124 provenit
693 2050 777 2105 unde
801 2048 843 2106 Vl
856 2051 879 2106 B
892 2051 931 2108 55
949 2054 1080 2122 portatu,
1103 2057 1135 2105 at
1157 2066 1245 2105 versu
1267 2049 1284 2106 3
1302 2054 1373 2119 por-

74 2156 136 2206 lusl
155 2150 242 2223 quasi
264 2167 282 2204 a
299 2156 381 2221 porl-
406 2149 552 2206 themate.
577 2151 621 2206 sic
643 2150 736 2206 latine
761 2151 837 2207 aries
854 2151 909 2224 qul
923 2149 1073 2206 Phrixum
1091 2156 1117 2206 el
1131 2149 1238 2205 Hellen
1259 2145 1374 2204 Colchos

69 2250 209 2324 portauit
229 2246 337 2322 (schol.
356 2250 529 2307 Germanici
553 2269 580 2324 p.
595 2253 644 2318 79,
658 2254 696 2309 18
710 2249 772 2326 Β1.)
795 2269 858 2306 uon
880 2261 1019 2326 portator
1040 2252 1151 2308 dicitur
1173 2251 1228 2307 sed
1245 2250 1374 2330 porlzlor

74 2351 180 2408 Helles
203 2347 384 2426 (Columella
406 2355 437 2408 in
460 2354 589 2427 poeticis
613 2372 639 2411 v.
657 2354 739 2425 155).
777 2355 887 2427 nequis
904 2354 1053 2410 crassiore
1068 2370 1156 2409 musa
1178 2353 1281 2425 exigat
1304 2367 1370 2406 ver·

73 2455 161 2519 bum,
184 2454 276 2509 etiam
290 2455 462 2539 ‚exercitum
484 2456 651 2530 imperator
673 2473 711 2510 ex
726 2456 883 2530 provincia
905 2456 1049 2528 deportat
1071 2463 1104 2510 ut
1127 2454 1210 2510 domi
1234 2453 1322 2509 sistat
1342 2451 1373 2507 in

75 2553 239 2627 triumpho,
285 2572 403 2611 sevacne
426 2574 494 2612 cum
517 2555 588 2611 alibi
612 2556 718 2612 hostiis
738 2556 948 2611 instrumentis
971 2556 1112 2630 precibus
1136 2555 1229 2612 sacris
1254 2551 1373 2608 sollem-

76 2654 166 2710 nibus
189 2654 377 2711 adtributum
400 2656 447 2724 sit,
479 2656 527 2712 hic
550 2658 706 2729 quandam
730 2657 968 2730 appellationem
991 2674 1047 2712 sua
1070 2657 1097 2711 vi
1119 2655 1372 2729 comprehendat,

74 2774 116 2811 ea
137 2754 222 2812 nulla
243 2765 347 2829 potest
370 2774 439 2812 esse
462 2758 522 2812 alia
545 2775 636 2831 quam
656 2758 832 2814 animalium
855 2759 965 2832 quibus
988 2775 1037 2814 res
1059 2758 1163 2814 divina
1196 2755 1229 2812 fit
1251 2754 1373 2812 sollem-

75 2857 168 2915 niter:
193 2857 237 2912 sic
261 2857 362 2913 Livius
385 2857 439 2924 17,
458 2859 492 2916 13
517 2877 551 2913 ue
574 2859 648 2913 extas
669 2859 849 2915 sollemnium
873 2865 1066 2924 vescerentum
1087 2858 1173 2914 salire
1196 2858 1220 2912 si
1243 2856 1375 2913 hostiam

74 2956 275 3029 appellamus,
298 2975 416 3014 seuacne
432 2959 584 3015 victimam
599 2977 747 3034 usurpare
770 2960 881 3018 licebit.
917 2960 1118 3016 masculinum
1134 2975 1231 3032 genus
1248 2957 1375 3014 forsitan

76 3067 182 3114 tauros
198 3067 230 3114 et
246 3059 393 3116 iuvencos
417 3060 546 3133 primum
568 3061 752 3134 designarit,¹
770 3063 826 3117 sed
842 3070 876 3117 ut
898 3062 993 3117 boves
1008 3060 1178 3117 masculine
1200 3059 1292 3115 etiam
1311 3066 1375 3114 tum

74 3157 271 3234 proferuntur
290 3178 359 3216 cum
381 3162 535 3235 segregari
558 3180 575 3217 a
592 3163 686 3218 tauris
703 3180 813 3219 vaccas
829 3163 982 3229 nolumus,
1005 3163 1084 3219 utin
1103 3162 1218 3219 multae
1234 3160 1373 3216 dictione

75 3280 95 3317 a
118 3262 345 3335 magistratibus
369 3281 442 3320 oves
466 3281 579 3336 genere
596 3263 669 3319 virili
685 3264 832 3338 appellari
851 3248 980 3320 necesse
996 3263 1052 3320 fuit
1075 3281 1112 3321 ac
1133 3263 1191 3320 nisi
1207 3279 1245 3318 eo
1261 3278 1375 3335 genere

75 3362 254 3419 dicerentur
276 3365 385 3421 iustam
402 3365 496 3420 videri
519 3365 645 3421 multam
667 3375 821 3438 negarunt
836 3364 967 3435 (Gellius
980 3366 1023 3422 Xl
1036 3369 1063 3433 1,
1076 3360 1120 3442 4),
1143 3365 1186 3421 ita
1200 3382 1318 3421 seuacue
1336 3363 1375 3420 illi

75 3482 176 3520 mares
201 3474 232 3520 et
255 3465 383 3521 seminas
404 3465 490 3521 simul
515 3466 767 3539 complectuntur,
792 3484 893 3540 neque
911 3466 959 3523 hie
978 3467 1075 3534 locuS,
1098 3467 1169 3523 licet
1191 3467 1231 3521 de
1255 3464 1374 3521 feminis

76 3573 195 3622 tantum
217 3566 366 3640 eligendis
389 3576 508 3639 agatur,
542 3567 672 3623 nominis
703 3569 871 3623 communis
896 3568 1099 3641 capacitatem
1126 3567 1250 3642 respuit.
1297 3565 1375 3622 tales

78 3667 171 3740 igitur
190 3685 309 3723 sevacne
323 3668 468 3740 magister
485 3685 592 3741 parare
614 3687 650 3724 ac
673 3667 793 3725 deferre
810 3669 905 3725 debet
917 3667 1064 3746 desendus,
1087 3670 1176 3724 decem
1196 3671 1274 3726 duos.
1304 3687 1375 3725 uam

77 3768 200 3824 licuisse
224 3769 317 3824 etiam
339 3769 455 3825 Latinis
478 3770 520 3826 sic
544 3771 742 3845 pronuntiare
765 3770 822 3827 hos
841 3787 985 3826 numeros
1007 3780 1216 3844 praepostere,
1242 3772 1375 3828 maxime

77 3869 203 3942 quidem
226 3869 441 3925 coniunctione
464 3871 646 3945 interposita
670 3873 760 3927 decem
783 3878 810 3927 el
831 3873 894 3936 due,
917 3872 998 3927 clare
1029 3871 1170 3928 adfirmat
1200 3872 1374 3930 Priscianus

77 3971 118 4026 de
142 3969 189 4043 lig.
213 3988 293 4028 num.
320 3972 357 4029 19
381 3990 411 4045 p.
427 3973 499 4039 412,
512 3973 550 4030 29
564 3973 602 4028 K.
626 3991 689 4029 non
713 3975 863 4030 tantidem
887 3973 965 4038 facio
996 3976 1081 4046 quod
1109 3975 1140 4030 in
1170 3975 1250 4031 libris
1274 3974 1374 4031 latinis

76 4089 117 4128 eo
142 4073 248 4128 ordine
272 4073 459 4146 compositos
488 4056 672 4147 aliquotiens
704 4075 964 4149 deprehendimus
993 4075 1076 4131 velut
1103 4076 1134 4131 in
1163 4075 1300 4133 Frontini
1335 4078 1375 4133 de

77 4175 163 4248 aquis
187 4176 406 4232 commentario
430 4174 498 4234 110
513 4184 652 4249 passuum
677 4179 766 4233 decem
791 4178 876 4232 duum
899 4176 1028 4240 miluum,
1061 4176 1140 4235 1164
1164 4179 1375 4251 quzuariorum

77 4277 168 4332 decem
190 4278 246 4333 duo
268 4277 351 4332 milia
371 4308 403 4317 -
419 4277 524 4333 nescio
547 4286 652 4334 autem
674 4279 748 4352 quid
772 4279 928 4334 induxerit
950 4276 1078 4333 Nevium
1102 4279 1142 4334 de
1164 4277 1268 4336 formis
1291 4281 1308 4338 l.
1322 4280 1374 4340 lat.

77 4373 124 4434 Ha
147 4395 175 4451 p.
191 4379 250 4436 150
274 4387 306 4434 ut
328 4378 389 4435 alia
411 4378 471 4451 legi
493 4378 524 4434 in
548 4380 655 4436 codice
672 4379 731 4434 alia
754 4397 772 4434 a
794 4396 843 4435 me
859 4379 944 4435 edita
965 4395 1033 4434 esse
1050 4381 1275 4452 opinaretur—
1293 4381 1375 4438 enim

77 4495 149 4535 vero
171 4479 202 4534 in
226 4479 438 4535 vetustissimis
461 4479 685 4553 exemplaribus
708 4496 770 4535 non
787 4479 936 4537 vocabula
958 4497 1152 4537 numerorum
1175 4479 1298 4538 fuerunt
1318 4484 1376 4540 sed

76 4586 181 4646 notae,
201 4595 264 4636 non
287 4579 377 4635 decem
400 4581 455 4636 duo
477 4582 535 4637 sed
552 4579 629 4639 XII.
647 4589 679 4638 at
696 4581 789 4637 etiam
804 4599 843 4636 ex
860 4582 1057 4658 inscriptione
1074 4581 1149 4643 CIL.
1163 4580 1192 4636 V
1208 4585 1291 4645 3082
1313 4581 1375 4639 Ne·
1431 4574 1435 4580 ’

76 4679 141 4737 vius
163 4679 289 4755 protulit
312 4679 400 4739 decem
421 4700 498 4741 sexs.
522 4690 568 4738 tot
589 4700 725 4739 sevacner
747 4689 822 4756 quot
844 4692 955 4757 gentes
979 4685 1111 4745 fratrum.
