3742 5364
235 345 496 406 V1n19=1n20
867 348 904 404 72

275 526 344 588 Pre
367 527 458 589 verir
481 525 611 589 Vehier
634 524 700 587 bus
719 524 781 587 tris
800 545 855 587 ca·
952 530 1033 586 Ante
1067 540 1186 604 portam
1209 530 1319 590 Veiam
1352 533 1449 590 boves
1482 533 1541 591 tris

233 628 326 690 lersu
371 627 443 691 fetu
483 625 633 690 Vofione
678 625 857 689 Grabovie
910 632 1029 688 calidos
1074 631 1167 689 facito
1206 631 1339 689 Voliono
1377 633 1540 692 Grabovio

224 722 370 808 'octiper
404 727 506 800 Fisiu,
540 737 681 808 totaper
714 727 856 791 Iiovina.
909 749 963 805 pro
992 750 1061 788 arce
1091 733 1187 800 Fisia.
1215 751 1269 807 pro
1303 735 1377 791 urbe
1398 735 1539 809 Iguvina.

233 838 340 890 vatuo
363 826 473 890 ferine
501 827 583 890 fetu.
629 828 726 890 herie
745 826 1000 900 vinuirovatua
1037 833 1151 889 serione
1189 834 1292 892 facito.
1334 835 1382 891 vel
1418 835 1489 891 vino
1529 832 1540 904 l

232 929 328 992 herie
350 928 432 1009 poni
457 927 538 1002 fetu,
579 930 676 991 arvio
700 928 782 1000 fetu,
805 937 855 990 ta·
909 934 954 990 vel
987 951 1083 1007 posca
1106 934 1209 1001 laclto,
1245 935 1328 993 arvia
1351 935 1455 1003 facito,
1488 943 1539 994 ta·

233 1050 289 1092 ses
311 1028 496 1109 persnimu.
540 1038 741 1110 proseseter
764 1027 856 1091 mesa
908 1034 984 1090 citus
1026 1043 1177 1108 precator.
1227 1037 1375 1109 prosectis
1417 1036 1539 1094 melam

233 1129 347 1211 speia,
391 1127 472 1192 fiola
508 1131 668 1194 arsveitu.
736 1140 855 1192 suront
908 1134 1043 1207 speiam,
1093 1135 1209 1192 fitillam
1253 1136 1372 1193 addito.
1459 1136 1538 1192 item

232 1243 366 1302 naratu,
389 1230 466 1311 pusi
488 1251 551 1311 pre
577 1232 669 1293 verir
688 1232 692 1310 l
713 1230 856 1292 Trebla-
907 1244 1030 1291 narrato
1067 1244 1100 1291 ut
1136 1245 1207 1292 ante
1244 1244 1363 1310 portam
1382 1235 1386 1303 l
1407 1234 1540 1295 Trebla·

231 1333 311 1414 nihl
869 1329 1004 1411 mnaml

274 1434 359 1496 Post
382 1433 473 1495 verir
495 1432 626 1494 Vehier
648 1433 777 1494 habina
800 1431 859 1493 tris
950 1435 1024 1492 Post
1046 1444 1166 1509 portam
1180 1436 1288 1495 Veiam
1311 1438 1462 1497 habinnas
1480 1440 1538 1497 tris

232 1534 305 1598 fetu
328 1533 445 1596 Tefrei
476 1533 551 1595 Iovi
586 1532 723 1613 ocriper
752 1532 856 1606 Fisiu,
908 1536 1001 1594 facito
1025 1537 1120 1594 Tefro
1140 1537 1225 1594 Iovio
1260 1556 1314 1613 pro
1344 1557 1415 1597 arce
1438 1541 1537 1609 Fisia,

232 1752 324 1801 rectos
344 1762 450 1810 sacres,
481 1743 592 1797 alteras
609 1746 761 1813 parrocias
783 1740 896 1795 alteras
917 1758 1022 1806 sacres,
1047 1749 1105 1814 pro
1126 1741 1196 1797 urbe
1221 1743 1363 1817 Iguvr'na,
1384 1742 1538 1799 summum

232 1864 298 1901 voce
312 1849 462 1918 precator.
508 1842 642 1897 etenim
665 1858 772 1915 preces
792 1841 951 1897 Fisuvinas
975 1858 1116 1916 quaeque
1139 1850 1262 1916 praeter
1283 1860 1348 1900 eas·
1360 1842 1466 1901 tabula
1489 1843 1537 1901 VI

232 1954 334 2002 narrat
356 1943 540 2017 singillatim,
565 1960 618 1998 aes
642 1941 717 1997 illud
740 1942 850 2000 omisit.
874 1941 1046 1998 Huschkius
1070 1960 1170 1998 errore
1199 1943 1316 1999 scribae
1341 1943 1390 2001 bic
1413 1945 1537 2002 divolsa

232 2065 302 2104 esse
324 2054 429 2104 censet
449 2064 530 2120 quae
553 2044 628 2101 alias
652 2044 730 2100 inter
751 2061 784 2099 se
808 2060 927 2099 conexa
950 2043 1091 2116 leguntur
1105 2052 1163 2116 pro
1177 2062 1246 2100 arce
1262 2043 1358 2112 bieria,
1375 2053 1435 2118 pro
1459 2044 1550 2103 urbe.

233 2149 371 2223 Iguvina.
416 2147 473 2203 nisi
496 2128 570 2202 vero
591 2145 650 2203 hoc
672 2145 779 2201 ordine
802 2144 852 2218 ille
876 2145 972 2218 magis
1005 2146 1123 2201 elucere
1153 2144 1278 2218 putavit,
1313 2147 1450 2220 quamvis
1475 2148 1536 2204 du·

231 2250 381 2323 plicentur
403 2249 528 2322 capides
552 2257 583 2304 et
606 2248 707 2305 futura
724 2255 806 2303 sorte
823 2247 1008 2311 dividantur,
1030 2246 1212 2303 indiscretas
1229 2256 1330 2304 tamen
1347 2246 1411 2304 fieri
1433 2257 1539 2306 utras·

196 2413 201 2421 ‚
231 2367 289 2423 que
312 2367 367 2424 pro
391 2367 460 2406 arce
482 2358 513 2405 et
534 2349 618 2406 urbe.
1520 2324 1525 2333 ι

331 2452 369 2509 19
403 2451 532 2508 callidos
556 2449 602 2504 vel
626 2447 743 2505 calidos
767 2448 938 2522 appellatos
962 2464 1031 2503 esse
1065 2448 1157 2504 latine
1191 2449 1242 2522 qui
1275 2448 1407 2505 frontem
1429 2449 1537 2506 albam

229 2551 343 2608 habent
366 2568 462 2626 equos
485 2551 618 2622 itemque
640 2533 679 2604 ab
704 2548 824 2605 Vmbris
848 2549 943 2604 boves
966 2543 1246 2622 λευκομετώπουε,
1283 2548 1348 2622 quis
1377 2556 1440 2605 tam
1466 2548 1532 2604 sol·

231 2652 288 2707 lers
311 2660 357 2707 est
379 2650 533 2723 haruspex
555 2659 588 2705 ut
610 2649 726 2704 divinet
749 2665 785 2704 ex
811 2648 881 2705 fisso
907 2649 951 2704 vel
976 2651 1077 2723 capite
1101 2649 1184 2722 quod
1215 2666 1290 2704 sane
1313 2649 1387 2706 lucis
1411 2648 1533 2724 aliquid

230 2748 405 2826 portendit?
449 2751 653 2825 prodiderunt
688 2750 852 2806 memoriae
888 2750 1025 2807 Isidorus
1059 2752 1132 2825 orig.
1157 2750 1243 2809 Xlll
1282 2759 1313 2806 et
1348 2750 1536 2823 glossarium

230 2851 397 2917 Philoxeni,
421 2860 469 2907 est
491 2851 588 2924 gratia
613 2849 762 2905 fortunae.
807 2849 900 2905 talem
933 2850 1055 2906 vitulum
1089 2850 1234 2907 Horatius
1269 2859 1299 2907 et
1330 2851 1475 2923 designat
1497 2859 1534 2908 et
1600 2861 1606 2873 '

229 2961 432 3010 mactaturum
456 2971 489 3008 se
511 2951 661 3025 promittit
697 2951 726 3006 in
750 2950 900 3024 triumpho
934 2969 1027 3010 carm.
1050 2951 1094 3007 IV
1107 2953 1134 3020 2,
1158 2952 1303 3008 victoriae
1327 2968 1420 3009 causa
1442 2951 1536 3008 Iuve-

230 3055 306 3111 nalis
330 3055 400 3110 duci
423 3055 484 3110 volt
507 3054 537 3110 in
561 3052 715 3126 Capitolia
748 3071 892 3126 magnum
926 3061 1137 3127 cretatumque
1171 3054 1282 3110 bovem
1317 3055 1367 3121 10,
1384 3053 1435 3117 65,
1471 3070 1536 3109 nec

231 3155 407 3212 dissimilem
423 3155 489 3211 eius
505 3154 625 3228 generis
643 3170 721 3226 quae
739 3152 873 3208 Romani
895 3152 1039 3209 colebant
1061 3153 1233 3210 numinibus
1249 3152 1415 3217 Voiionum
1435 3152 1535 3211 fuisse

230 3257 348 3331 opinor.
393 3255 537 3312 cohaeret
559 3256 722 3311 evidenter
740 3271 809 3309 cum
826 3252 910 3308 vofro
926 3252 1017 3309 vitulo
1041 3272 1133 3328 quem
1148 3264 1269 3328 praeter
1290 3254 1424 3328 legitima
1439 3271 1535 3311 sacra

229 3358 307 3414 ultro
330 3357 489 3413 immolant
511 3357 541 3412 iu
565 3364 717 3412 conventu
741 3355 877 3428 gentium
901 3353 1129 3411 foederatarum
1151 3355 1180 3411 Π
1197 3356 1231 3423 Β,
1267 3355 1370 3430 quiin
1391 3365 1535 3414 mentem

229 3459 300 3516 mihi
322 3467 447 3515 revocat
470 3456 622 3514 Arvalium
646 3455 770 3512 fratrum
794 3472 919 3512 vaccam
941 3454 1145 3521 honorariam,
1170 3474 1301 3531 cumque
1324 3456 1452 3513 vasculis
1477 3472 1531 3511 vo-

230 3561 297 3617 letis
323 3577 402 3633 quae
425 3567 530 3614 notam
552 3557 632 3614 hanc
655 3558 771 3613 ducunt
803 3574 841 3611 ex
870 3556 927 3612 ritu
948 3556 1060 3615 divino,
1103 3557 1303 3632 perceptione
1327 3555 1418 3613 animi
1442 3554 1535 3613 vafer

186 3695 188 3700 .
230 3661 398 3717 disiunctus
418 3667 468 3714 est
490 3675 582 3731 quam
605 3656 790 3732 longissime,
814 3656 937 3730 propius
955 3665 1025 3711 vota
1043 3656 1128 3712 voier
1143 3665 1174 3712 et
1188 3656 1316 3713 votifera
1338 3654 1470 3729 attingit,
1495 3665 1531 3713 at

229 3762 459 3834 grammaticam
483 3777 549 3814 ooo·
572 3767 603 3814 et
624 3757 687 3835 vos·
711 3759 781 3832 quia
808 3776 870 3812 non
892 3757 996 3813 ineunt
1019 3756 1076 3812 uisi
1098 3775 1153 3831 per
1175 3759 1321 3831 ambages
1345 3756 1531 3815 societatem

230 3857 276 3939 (ut
300 3881 318 3919 a
340 3863 490 3918 vortendo
514 3858 596 3936 vors-
616 3860 658 3914 ita
678 3876 696 3913 a
719 3860 861 3914 vovendo
884 3856 944 3934 vos-
967 3857 1143 3931 principium
1166 3858 1348 3924 nominibus,
1372 3865 1405 3912 ut
1427 3857 1526 3914 devo-

230 3974 311 4022 tatus
336 3965 379 4020 sic
403 3954 538 4039 sufetes),
563 3961 745 4017 Vmbrorum
772 3961 925 4034 proprium
954 3960 1047 4015 videri
1070 3959 1129 4016 hoc
1159 3959 1282 4015 verbum
1306 3957 1395 4015 fausti
1417 3959 1531 4017 ominis

230 4066 460 4141 pronuntiemus
485 4064 515 4119 in
537 4080 638 4136 eoque
660 4079 741 4118 nunc
765 4061 1004 4135 acquiescamus,

329 4170 367 4225 22
394 4164 502 4221 lrabz'na
527 4173 559 4220 ut
581 4181 635 4238 pro
659 4164 766 4221 ovibus
787 4162 964 4234 habeamus
1001 4162 1191 4236 comparatio
1211 4163 1334 4219 suadet
1360 4169 1526 4220 suovetau-

229 4268 332 4335 rilium,
354 4268 484 4340 imperat
500 4284 602 4322 versus
624 4267 671 4324 43.
716 4273 769 4320 aut
786 4265 894 4320 coloris
918 4266 961 4320 ita
977 4264 1141 4320 discrimen
1158 4263 1317 4329 notabant,
1342 4261 1404 4318 Diti
1420 4272 1529 4321 autem

231 4368 398 4442 Veiovique
421 4370 610 4424 devoventes
635 4367 756 4422 hostem
779 4366 911 4422 Romani
935 4375 1037 4422 votum
1061 4365 1176 4421 faciunt
1211 4363 1313 4420 ovibus
1336 4365 1411 4420 atris
1432 4363 1531 4423 traduc

230 4468 419 4542 (Macrobius
454 4479 510 4526 sat.
534 4469 624 4537 1119,
643 4467 713 4540 11),
750 4477 803 4524 aut
831 4469 941 4524 aetatis
976 4468 1154 4542 formaeque
1188 4462 1297 4541 (agnas
1331 4465 1530 4541 chordosque

228 4590 326 4645 agnos
347 4581 379 4629 et
402 4589 474 4628 oves
497 4572 596 4627 minas
626 4579 656 4625 et
686 4570 789 4642 apicas
813 4569 851 4628 al.
874 4568 972 4626 Varro
1007 4577 1155 4625 memorat
1186 4577 1258 4626 rust.
1281 4567 1309 4623 Π
1334 4562 1375 4640 2).
1424 4583 1529 4642 neque

229 4673 331 4747 iniqua
355 4675 447 4730 deum
470 4671 599 4728 inferum
631 4669 737 4726 hostiis
769 4670 912 4726 sterilitas
947 4664 1067 4748 (ἐχῖνος
1090 4667 1125 4728 δὲ
1153 4665 1204 4728 καὶ
1232 4663 1399 4743 ὴγαστήρ
1434 4665 1528 4727 Calli·
