3742 5364
754 343 794 401 55
1313 340 1423 400 v1x23

125 527 230 602 Fisiu,
250 524 541 608 totaperIiovina,
559 544 638 588 erer
651 543 748 586 nom·
800 527 892 596 Fisia,
923 546 979 603 pro
1002 529 1076 585 urbe
1100 529 1238 604 Iguvina,
1268 546 1323 603 pro
1347 529 1424 587 arcis

126 650 244 712 neper,
273 648 351 692 erar
372 647 578 708 nomneper;
611 625 665 688 fos
688 625 747 698 sei,
800 629 935 698 nomine,
946 648 1001 704 pro
1011 630 1093 688 urbis
1104 631 1242 699 nomine;
1257 630 1361 688 volens
1373 632 1424 699 sis,

125 749 233 810 pacet
255 729 305 792 sei
327 747 408 791 ocre
430 727 532 807 Fisei
553 731 557 798 l
577 735 652 788 tote
683 723 749 787 Iio-
801 730 950 805 propitius
972 731 1012 788 sis
1035 732 1221 799 arciFisiae,
1242 734 1247 802 Ι
1266 733 1332 790 urbi
1354 733 1425 807 Igu·

126 831 215 904 vine,
248 850 325 892 erer
346 849 481 902 nomne,
516 846 593 890 erar
614 845 750 888 nomne.
802 834 900 901 vinae,
935 835 1012 891 arcis
1041 836 1166 903 nomini,
1195 834 1277 892 urbis
1299 837 1425 895 nomini.

126 931 227 1006 arsia,
262 930 310 994 tio
344 932 497 993 subocau
530 929 661 990 suboco
696 926 751 989 dei
802 942 919 1000 sancte,
954 943 984 990 te
1018 936 1156 992 invocavi
1185 936 1295 993 invoco
1323 937 1425 994 divum

126 1031 303 1096 Grabove.
348 1032 458 1094 arsier
487 1028 567 1092 frite
599 1028 648 1090 tio
673 1030 751 1092 sub·
802 1034 999 1094 Grabovium.
1034 1037 1133 1094 sancti
1158 1037 1269 1095 fiducia
1288 1047 1318 1094 te
1341 1038 1426 1096 invo-

126 1155 215 1198 ocau
232 1137 242 1208 l
258 1137 387 1202 suboco
412 1133 467 1194 dei
490 1129 665 1196 Grabove.
701 1129 748 1192 Di
763 1153 788 1191 at
803 1137 868 1194 cavi
902 1133 912 1204 i
940 1138 1049 1194 invoco
1087 1126 1190 1195 divum
1228 1138 1424 1197 Grabovium.

126 1236 315 1310 Grabovie,
344 1235 393 1297 tio
418 1253 479 1296 esu
501 1234 570 1296 bue
592 1231 751 1313 peracrai
802 1237 880 1293 Dive
904 1237 1050 1306 Grahovi,
1084 1247 1114 1295 te
1137 1239 1200 1296 hoc·
1219 1240 1298 1296 bove
1322 1241 1424 1315 opimo
1451 1265 1456 1275 ·

124 1338 265 1419 pihaclu
299 1356 445 1416 ocreper
473 1334 576 1408 Fisiu,
611 1343 751 1413 totaper
802 1340 923 1414 piaculo
956 1359 1011 1415 pro
1045 1359 1115 1399 arce
1143 1341 1236 1410 Fisia,
1269 1360 1324 1416 pro
1353 1344 1426 1399 urbe

126 1440 256 1513 Iovina,
293 1439 363 1501 irer
398 1455 598 1518 nomneper,
633 1442 638 1510 l
673 1452 751 1498 erar
802 1441 939 1515 Iguvina,
962 1458 1018 1515 pro
1030 1443 1108 1499 arcis
1122 1443 1257 1511 nomine,
1277 1437 1281 1521 Ι
1301 1461 1356 1518 pro
1379 1462 1427 1500 ur·

125 1558 326 1620 nomneper.
372 1537 428 1600 dei
450 1535 637 1608 Grabovie,
671 1555 750 1597 orer
801 1542 848 1598 bis
860 1543 993 1602 nomine.
1018 1544 1089 1600 dive
1101 1543 1247 1613 Grabovi,
1264 1545 1426 1604 illius‘anni

126 1749 232 1806 Aelius
251 1747 325 1805 Stilo
348 1747 434 1803 testis
458 1753 505 1801 est
528 1744 630 1801 vocari
651 1743 735 1818 quod
758 1744 806 1800 dis
829 1745 918 1801 detur
952 1763 989 1801 ex
1023 1745 1099 1803 alica
1122 1754 1154 1803 et
1181 1747 1251 1804 oleo
1274 1757 1306 1805 et
1327 1749 1425 1823 melle,

127 1851 161 1918 id
184 1857 233 1905 est
250 1849 343 1904 libum
368 1864 498 1914 sacrum,
522 1842 730 1921 εουβίτυλλον
753 1844 906 1902 Athenaei
927 1845 1000 1902 XIV
1022 1864 1051 1920 p.
1069 1841 1156 1906 647⁶.

231 1953 271 2009 24
293 1957 399 2016 sancte,
421 1949 557 2006 umbrice
580 1949 665 2005 arsr'e.
702 1964 771 2003 cum
794 1963 888 2021 saepe
911 1947 1114 2005 consonantia
1134 1950 1287 2007 vocabula
1310 1952 1426 2025 origine

127 2060 162 2109 et
183 2052 211 2108 vi
234 2051 385 2124 differant,
417 2057 482 2106 tum
505 2049 575 2106 huic
609 2049 684 2104 arsr'e
716 2046 787 2103 nihil
811 2063 974 2103 commune
1003 2055 1051 2104 est
1081 2066 1150 2105 cum
1172 2050 1222 2105 illo
1246 2067 1337 2124 quem
1360 2054 1426 2110 v.8

127 2152 240 2211 vidisti.
282 2152 332 2208 ille
366 2151 445 2206 alaier
471 2142 578 2224 (illoc,
614 2149 663 2205 hic
699 2149 820 2205 divinae
847 2148 1010 2223 potestatis
1046 2167 1082 2206 ac
1104 2150 1270 2208 voluntatis
1300 2169 1426 2209 consors

126 2255 167 2310 ab
191 2254 302 2311 alendo
321 2260 353 2309 ut
369 2270 480 2308 arsmor
505 2249 605 2326 (quod
627 2251 787 2306 invocatur
802 2258 834 2306 et
850 2249 993 2306 laudatur
1015 2250 1092 2307 deus
1116 2269 1153 2307 eo
1176 2253 1309 2322 nomine,
1334 2254 1425 2310 simil·

127 2356 230 2413 limum
261 2363 309 2411 est
337 2355 462 2411 latinum
486 2353 595 2419 almus,
634 2353 711 2408 altus
734 2352 842 2425 Apollo
876 2351 980 2408 Servio
1013 2361 1061 2408 est
1088 2355 1279 2424 venerabilis
1314 2355 1425 2412 Graeci

126 2452 286 2532 τρόφιμον
309 2455 468 2512 dominum
490 2453 696 2528 appellabant,
719 2448 775 2512 τὸν
802 2446 1061 2530 οἰκοδεσπότην).
1097 2455 1135 2510 ab
1158 2455 1210 2510 od·
1228 2456 1304 2512 caeli
1320 2457 1425 2513 aethe·

126 2558 167 2614 ris
183 2575 254 2614 arae
270 2555 419 2613 vocabula
435 2554 624 2611 Macedones
646 2553 833 2628 incipiebant
848 2547 1033 2629 (Hesychius
1050 2555 1080 2609 in
1096 2548 1156 2628 ἀδῆ
1174 2550 1292 2629 ἀδραιά
1307 2539 1424 2633 ἆδίας).

128 2667 219 2715 caute
243 2658 376 2732 denique
399 2656 570 2713 subiectum
593 2663 641 2712 est
663 2655 758 2710 arsier
771 2653 861 2731 srz'te,
899 2657 983 2728 quod
1003 2673 1104 2730 paene
1127 2657 1253 2713 dixerim
1276 2659 1425 2733 interpre-

128 2760 186 2815 tari
208 2757 423 2834 Symmachum
446 2751 506 2832 (ep.
528 2755 558 2812 ΙΙ
582 2757 621 2814 83
644 2753 746 2826 Parei)
772 2755 870 2811 sancti
890 2755 985 2811 animi
1002 2756 1048 2812 lui
1056 2752 1154 2831 fretu.
1200 2756 1270 2813 hinc
1293 2758 1426 2815 Romani

129 2861 169 2929 di,
192 2866 317 2917 nostram
334 2857 433 2932 fidem,
456 2857 528 2914 hinc
548 2872 644 2913 senex
658 2854 816 2912 Plautinus
841 2854 884 2911 ibo
900 2857 942 2911 ad
953 2862 978 2912 te
990 2855 1093 2933 fretus
1112 2863 1173 2925 tuo,
1198 2858 1292 2929 Mller,
1309 2859 1425 2933 fiducia

128 2963 186 3021 aul.
211 2964 281 3020 678.
304 2961 491 3018 declinatum
504 2957 584 3037 srr'te
608 2965 656 3014 est
677 2965 712 3014 ut
735 2957 795 3014 lite.
840 2958 959 3031 pecoris
980 2959 1115 3032 magistri
1138 2959 1169 3015 in
1195 2959 1295 3018 Gratti
1316 2980 1424 3037 cyneg.

128 3065 189 3122 437
212 3057 253 3119 ‘te
275 3053 414 3136 primurn,
437 3060 587 3127 Volcane,
611 3058 680 3126 loci,
696 3075 868 3132 pacemque
891 3076 1059 3133 precamur,
1082 3060 1184 3118 incola
1201 3070 1317 3129 sancte,
1342 3071 1426 3119 tuam

201 3164 352 3238 liceatque
375 3163 525 3235 attingere
549 3160 654 3225 fontis,
679 3167 801 3225 sancte,
825 3155 904 3217 tuos'
928 3169 974 3218 ter
997 3162 1124 3237 quisque
1147 3171 1268 3229 vocant,
1294 3172 1340 3220 ter
1361 3165 1427 3238 pin-

128 3267 201 3341 guia
224 3266 318 3322 libant
340 3273 408 3321 tura
431 3263 510 3322 foco.
1060 3268 1063 3273 ’

230 3367 268 3424 25
291 3364 469 3439 generalem
490 3362 716 3419 invocationem
738 3371 883 3419 secuntur
905 3379 984 3436 quae
1007 3363 1049 3421 ad
1080 3364 1215 3439 singulos
1239 3366 1333 3422 boves
1356 3384 1426 3441 per·

129 3469 229 3525 tinent
251 3481 373 3541 preces:
412 3472 437 3521 te
457 3464 510 3520 hoc
532 3462 597 3520 bove
619 3469 719 3531 macto,
741 3464 798 3520 sed
823 3464 970 3520 omittitur
994 3465 1117 3521 verbum
1139 3460 1207 3524 κατ’
1229 3462 1427 3541 εὐφημιεμὸν

129 3578 162 3625 ut
185 3569 216 3624 in
239 3565 419 3623 Catonianis
443 3584 510 3640 cap.
525 3568 594 3624 141.
636 3565 775 3638 peracria
797 3565 917 3638 piacula
939 3563 1069 3622 fortasse
1092 3566 1164 3622 ideo
1199 3568 1284 3640 quod
1317 3567 1427 3624 sermm

129 3671 263 3727 subeunt
284 3667 425 3745 peritura,
448 3667 555 3724 acieris
579 3666 698 3724 Romae
722 3667 835 3723 securis
851 3683 943 3723 aerea
958 3683 1019 3739 qua
1041 3666 1072 3722 in
1087 3667 1241 3724 sacrificiis
1265 3669 1429 3726 utebantur

129 3771 319 3838 sacerdotes,
343 3770 401 3827 VH
414 3771 487 3829 A51
513 3788 655 3844 peracres
679 3772 826 3827 iuvencae
843 3786 919 3843 quas
935 3786 998 3825 non
1020 3769 1124 3826 sinunt
1140 3769 1275 3843 effugere
1288 3789 1306 3827 a
1318 3770 1426 3828 caede.

230 3873 269 3941 25
293 3873 457 3946 quotannis
480 3891 549 3930 cum
572 3890 624 3929 arx
649 3872 800 3939 lustretur,
824 3871 899 3928 illius
922 3871 994 3926 anni
1013 3871 1132 3944 piacula
1147 3873 1240 3927 deum
1263 3880 1428 3945 precantur
1519 3941 1523 3948 ⁶

132 3982 165 4030 ut
186 3973 338 4046 ignoscat.
382 3973 543 4030 nominant
566 3982 670 4029 autem
693 3973 790 4047 prima
812 3972 946 4029 omnium
969 3973 1071 4045 ignem
1087 3979 1188 4028 ortum
1203 3972 1284 4028 velut
1299 3972 1427 4047 fulgure,

132 4074 217 4148 quod
239 4074 327 4130 nimis
350 4081 457 4130 notum
473 4081 520 4130 est
543 4073 696 4148 piaculum
719 4091 810 4148 quam
832 4081 866 4129 ut
888 4082 978 4146 egeat
1001 4073 1205 4147 explicatione
1230 4070 1286 4144 (sic
1303 4074 1428 4132 Arvales

132 4176 255 4249 expiant
271 4175 439 4232 identidem
454 4176 531 4248 quod
542 4174 662 4232 arbores
678 4176 742 4231 luci
752 4175 836 4230 sacri
849 4174 1025 4245 arduerint),
1041 4183 1074 4231 et
1085 4175 1244 4249 neglectos
1256 4173 1329 4230 ritus
1345 4168 1429 4251 (Ser-

133 4275 196 4332 vius
210 4276 285 4335 Aen.
298 4276 341 4333 IV
354 4279 413 4336 646
437 4277 589 4351 piaculum
612 4277 732 4334 admitti
748 4276 851 4334 scribit
872 4275 974 4348 siquid
993 4275 1024 4331 in
1049 4276 1236 4332 caerimonia
1261 4293 1319 4330 non
1328 4274 1433 4352 fuerit

136 4373 330 4451 obseruatum).
386 4396 452 4435 orer
473 4378 557 4433 illius
578 4380 617 4434 ab
639 4396 678 4435 eo
700 4377 881 4452 pronomine
905 4377 989 4451 quod
1014 4377 1075 4433 iam
1101 4377 1227 4452 legimus
1250 4377 1282 4432 in
1304 4393 1374 4432 aere
1401 4377 1431 4432 V

137 4477 228 4533 uraku
249 4478 281 4533 rr'
300 4472 357 4552 (ad
377 4479 461 4534 illam
483 4478 555 4552 rem)
590 4479 838 4554 reperiemusque
870 4478 899 4533 in
933 4478 1145 4535 exsecratione
1173 4487 1277 4536 vetere
1307 4484 1432 4534 vetusto

138 4592 216 4632 more
238 4595 416 4653 expressum
430 4577 500 4656 fetu
523 4599 581 4635 τινα
602 4576 718 4655 (saeclo
742 4578 821 4650 illo),
846 4588 953 4636 contra
968 4579 1022 4635 illo
1037 4579 1111 4635 illuc
1123 4580 1246 4640 Vmbris
1270 4587 1359 4637 sonat
1377 4581 1437 4636 ulu

141 4672 278 4749 (VA26.
304 4681 380 4739 VlB
397 4677 462 4758 55),
486 4683 625 4755 congruit
647 4683 738 4755 igitur
760 4698 829 4737 cum
854 4684 919 4742 ollo.
964 4682 1080 4740 deinde
1109 4700 1151 4738 ore
1173 4682 1339 4744 convenire
1363 4695 1446 4739 cum
