3742 5364
230 335 362 395 VIlAIO
850 335 909 391 108

230 517 299 578 esir
322 517 446 578 vesclir
470 517 564 578 adrir
596 517 770 596 popluper
803 524 854 576 to·
908 518 1038 575 vasculis
1082 519 1154 575 atris
1203 537 1258 592 pro
1301 512 1418 594 populo
1465 519 1543 576 civi·

230 627 285 680 tar
321 617 486 693 liovinar,
530 626 670 697 totaper
711 615 854 688 liovina,
908 620 978 676 tatis
1001 618 1157 693 lguvinae
1180 637 1235 693 pro
1259 619 1383 677 civitate
1395 617 1542 693 iguvina,

232 738 310 781 erer
347 737 545 797 nomneper,
571 715 575 799 l
598 735 675 780 erar
710 734 888 778 numne-11
905 738 960 794 pro
972 719 1076 794 populi
1090 712 1240 796 nomine!
1260 737 1316 794 pro
1332 720 1464 777 civitatis
1479 738 1542 777 no·

230 838 304 900 per.
328 819 490 882 Prestota
503 797 615 883 Serfia
629 796 852 882 SetferMar·
905 821 996 879 mine.
1041 817 1192 876 Praestita
1220 818 1318 877 Cerfia
1342 818 1422 878 Cerfi
1450 820 1541 879 Mar·

231 921 305 995 tier,
340 920 521 1001 prevendu
552 919 610 981 via
643 919 717 981 ecla
753 926 851 980 atero
904 921 945 988 tii,
969 920 1123 977 advertito
1147 921 1195 976 via
1217 921 1300 976 omni
1322 923 1437 980 malum
1461 923 1540 980 civi·

333 1129 368 1183 ll
388 1126 547 1198 prevendu.
571 1124 762 1181 econtrario
786 1122 844 1179 sibi
866 1140 977 1195 pacem
999 1139 1036 1178 ac
1052 1122 1182 1179 salutem
1197 1133 1363 1197 poscentes
1386 1142 1478 1183 versu
1493 1128 1538 1185 27

232 1227 382 1283 alauendu
406 1233 485 1283 atero
508 1227 615 1283 dicunt
636 1228 667 1282 in
690 1244 758 1282 eam
782 1226 967 1282 sententiam
990 1243 1082 1298 quam
1106 1224 1183 1283 Cato
1208 1229 1359 1302 expressit
1382 1246 1451 1304 cap.
1473 1232 1537 1289 141

231 1328 450 1403 ingeminando
473 1335 506 1384 ut
525 1328 636 1385 ncorbos
656 1329 732 1386 uisos
751 1328 926 1401 invisosque,
948 1327 1138 1383 ve'duertatem
1156 1329 1427 1403 vastitudinemque,
1451 1332 1539 1387 cala-

231 1430 343 1485 mitates
367 1430 604 1503 intemperiasque
618 1428 794 1502 prohibessis
814 1428 954 1506 defendas
976 1446 1216 1501 auerruneesque,
1238 1431 1377 1504 praecise
1392 1429 1539 1491 Tibullus

231 1529 357 1597 111,17
382 1531 414 1586 di
427 1531 534 1603 patrii,
549 1538 715 1604 purgamus
738 1548 825 1604 agros
840 1538 1007 1603 purgamus
1029 1535 1166 1602 agrestes,
1194 1548 1243 1586 vos
1264 1533 1345 1586 mala
1370 1534 1403 1588 de
1427 1534 1540 1589 nostres

226 1632 327 1706 pellite
350 1631 501 1687 lc'rnitibus.
542 1633 667 1688 latinum
690 1632 815 1688 verbum
838 1648 964 1704 compar
980 1631 1115 1687 umbrico
1140 1648 1203 1688 non
1225 1633 1356 1706 reperio,
1379 1634 1539 1708 germani·

233 1751 303 1790 cum
326 1740 411 1789 extat
434 1732 599 1801 etmenden,
635 1733 719 1788 fluxit
749 1731 820 1788 hinc
843 1731 975 1788 fortasse
999 1732 1167 1792 ventilatio
1213 1711 1347 1790 elatina
1369 1743 1540 1791 consuetu·

233 1835 305 1891 dine
322 1851 391 1889 cum
408 1834 528 1890 auertite
545 1834 755 1902 adscivissem,
776 1833 826 1889 hic
839 1832 948 1888 mutari
965 1833 1225 1906 praepositionem
1242 1835 1385 1908 oportuit,
1408 1836 1540 1893 tametsi

234 1935 296 1992 fere
320 1936 451 1992 eandem
468 1935 526 1991 vim
542 1943 619 2007 prae
642 1943 743 1990 servat
762 1935 793 1990 in
814 1934 983 2008 deponenti
1000 1936 1091 1998 verbo
1106 1934 1175 1991 huie
1189 1936 1237 1991 rei
1244 1936 1373 2009 primum
1382 1938 1544 2009 praevorti

236 2037 312 2090 decet
331 2036 363 2090 id
386 2045 433 2090 est
452 2035 496 2090 rei
518 2052 596 2108 quae
619 2043 727 2109 agatur
748 2034 865 2090 obverti
889 2034 936 2089 vel
957 2036 1128 2092 attendere.
1152 2041 1241 2103 atero,
1277 2037 1336 2093 nisi
1357 2054 1407 2093 me
1427 2038 1538 2094 omnia

235 2135 349 2205 fallunt,
373 2153 411 2190 ex
434 2153 545 2192 arcano
569 2135 654 2191 huius
678 2135 756 2191 sacri
780 2135 918 2202 consilio,
943 2152 979 2190 ex
1008 2130 1150 2191 vasorum
1172 2136 1337 2193 bicolorum
1357 2139 1473 2195 dilectu
1496 2156 1538 2196 ac

234 2236 386 2310 nigrorum
410 2237 610 2311 oppressione
634 2246 739 2311 aptum
762 2245 809 2293 est
832 2237 875 2291 ita
891 2244 924 2291 ut
939 2236 1024 2309 parvi
1040 2238 1218 2294 ducendum
1241 2239 1280 2294 sit
1295 2256 1357 2313 quo
1381 2239 1420 2297 ab
1443 2240 1540 2297 adrir

235 2345 394 2410 separatur
414 2337 496 2393 vocis
520 2338 693 2394 discrimen.
735 2338 834 2410 potuit
856 2338 937 2392 enim
970 2337 1035 2393 fieri
1066 2346 1100 2393 ut
1133 2344 1213 2394 atero
1247 2339 1434 2397 adiectivum
1457 2340 1539 2398 elisa

234 2437 318 2493 tenui
341 2437 438 2493 vocali
461 2437 558 2494 abiret
582 2439 613 2494 in
636 2439 720 2505 adro,
744 2438 968 2494 substantivum
996 2455 1066 2494 vero
1097 2439 1236 2494 vocalem
1266 2440 1411 2496 retineret
1445 2439 1538 2496 ideo·

234 2556 353 2612 queue
377 2549 600 2596 consonantem
630 2540 755 2614 quidem
788 2539 947 2613 antiquam
980 2548 1011 2596 et
1044 2557 1185 2614 asperam
1219 2548 1389 2608 recusaret,
1424 2548 1539 2597 contra

237 2657 329 2713 quam
351 2639 451 2696 Latini
476 2642 602 2713 Asprum
631 2650 662 2696 et
687 2649 820 2714 asperum
852 2641 1056 2696 distinxerunt
1090 2641 1204 2696 nomini
1225 2642 1349 2716 proprio
1373 2650 1435 2697 tam
1457 2658 1538 2698 con·

235 2748 352 2797 stanter
375 2741 574 2798 detrahentes
599 2742 735 2799 vocalem
758 2759 850 2815 qnam
880 2742 1074 2798 innectentes
1103 2742 1266 2802 adiectiv0.
1310 2743 1411 2816 potuit
1439 2741 1538 2799 etiam

234 2851 267 2899 ut
290 2850 416 2899 extento
440 2843 541 2917 aliquo
565 2845 681 2900 ramulo
705 2850 768 2898 aler
791 2844 881 2917 stirps
904 2852 1061 2900 cresceret
1094 2844 1124 2898 in
1148 2843 1291 2917 amplius,
1325 2843 1406 2899 velut
1428 2860 1447 2897 a
1468 2860 1539 2899 ma·

234 2943 327 3018 gistro
352 2944 559 3017 magisterium
574 2946 620 3001 vel
643 2964 661 3002 a
684 2944 795 3001 famulo
814 2962 876 3003 osc.
891 2944 1011 3022 semele
1035 2946 1195 3020 processit,
1219 2962 1320 3019 eaque
1341 2944 1460 2999 ratione
1479 2944 1540 3001 ad·

165 3046 169 3054 ’
234 3055 357 3102 auctum
380 3051 460 3102 atero
482 3046 544 3102 sive
568 3053 664 3102 eterra
689 3046 815 3120 paulum
838 3047 1005 3102 secederet
1030 3048 1069 3103 ab
1094 3047 1180 3102 adru.
1216 3045 1288 3102 hinc
1303 3043 1376 3102 Osci
1397 3043 1542 3100 Aadirits

235 3153 266 3201 et
292 3147 410 3214 Adcel,
433 3147 512 3203 illinc
535 3148 636 3204 Latini
658 3148 777 3202 Aterius
800 3156 831 3203 et
858 3147 968 3205 Atella.
1015 3165 1089 3219 ergo
1123 3147 1161 3202 ab
1190 3146 1312 3202 atritate
1344 3145 1387 3202 sic
1419 3144 1540 3201 dictum

233 3257 309 3323 puto
331 3247 536 3305 infortunium.
583 3258 718 3305 ceterum
740 3257 807 3304 atra
842 3249 916 3304 albis
947 3265 1011 3303 non
1037 3249 1134 3304 solum
1157 3246 1262 3302 Vmbri
1283 3247 1339 3303 sed
1362 3245 1454 3303 etiam
1474 3243 1541 3301 La-

234 3349 288 3405 tini
312 3357 430 3406 veteres
453 3367 575 3424 semper
597 3358 768 3423 opponunt,
793 3349 878 3422 nigra
901 3349 1082 3422 neutiquam
1100 3348 1304 3422 frequentant,
1327 3346 1416 3402 nescia
1437 3349 1541 3402 utrum

203 3442 205 3449 ’
233 3450 271 3506 sis
292 3448 378 3506 albus
400 3469 439 3505 aa
462 3457 525 3506 ater
546 3451 628 3506 lamo
652 3452 695 3506 sic
717 3451 770 3506 viri
792 3451 864 3507 boni
889 3451 1092 3523 loquebantur
1114 3467 1232 3517 omnes
1256 3457 1287 3506 at
1308 3447 1467 3504 libertinus
1490 3445 1540 3503 fa·

236 3552 383 3610 bellarum
406 3553 549 3608 conditor
572 3553 647 3607 unde
670 3553 728 3607 illa
750 3552 834 3609 ser'm't
855 3552 944 3625 niger
967 3571 1005 3607 an
1029 3551 1114 3608 albus
1136 3548 1294 3608 nascerer?
1313 3550 1374 3606 iam
1395 3548 1541 3624 praeberi

236 3653 373 3712 hostibus
397 3662 428 3710 et
450 3672 469 3710 a
493 3671 560 3710 sese
582 3654 737 3728 prohiberi
759 3654 875 3710 malum
897 3654 1004 3711 volunt
1026 3654 1076 3710 uta
1099 3655 1170 3713 ecla.
1205 3652 1313 3711 Cicero
1335 3651 1367 3708 in
1389 3649 1540 3709 Pisonem

236 3756 252 3826 ἓ
276 3757 315 3814 33
340 3761 436 3811 cetrum
461 3755 614 3828 optabilius
628 3763 720 3829 putas
739 3757 782 3813 sie
804 3756 888 3812 exire
915 3757 1063 3829 epatria,
1089 3762 1121 3810 ut
1141 3774 1233 3811 amires
1253 3756 1303 3811 sui
1321 3755 1395 3811 ciues
1412 3753 1540 3812 salutem

238 3857 463 3913 incolumitatem
485 3858 611 3913 reditum
628 3863 795 3931 precentur,
820 3859 903 3931 quod
921 3859 996 3914 virilu
1016 3858 1133 3925 accidit,
1168 3876 1207 3912 an
1234 3858 1312 3931 quod
1329 3855 1387 3913 tibi
1398 3853 1541 3930 profices-

236 3958 312 4014 centi
331 3959 429 4023 euenit,
454 3964 486 4014 ut
500 3977 593 4014 omnes
608 3967 850 4028 exsecrarentur,
871 3961 946 4014 neate
955 3965 1161 4035 precarentur,
1186 3977 1273 4014 renam
1289 3956 1344 4014 tibi
1359 3957 1442 4013 illam
1458 3957 1540 4017 mam

237 4066 264 4116 et
276 4066 446 4134 perpetuam
469 4079 524 4115 esse
546 4061 675 4120 uellent?
710 4063 738 4118 in
765 4061 900 4132 Querolo
930 4061 981 4134 qui
1009 4061 1145 4117 lustravit
1165 4062 1303 4129 domum,
1327 4059 1455 4117 domino
1476 4060 1540 4120 ait:

236 4163 318 4218 mala
339 4162 408 4218 haec
430 4161 561 4240 fortuna
589 4183 676 4237 quam
702 4163 877 4226 ‚abstulimus
907 4163 1005 4218 redire
1031 4160 1180 4236 temptabit
1205 4164 1333 4226 dentum,
1366 4161 1541 4234 respondet

236 4263 393 4320 dominus:
416 4264 618 4331 medisinam,
639 4284 699 4320 cerea
720 4267 761 4321 sit
783 4265 837 4320 illi
862 4265 950 4319 istaec
972 4269 999 4318 ct
1012 4269 1154 4335 perpetua
1174 4264 1223 4318 via
1235 4257 1278 4340 (p.
1291 4264 1373 4335 42,4
1390 4256 1540 4342 Peiper.),

238 4363 370 4422 utullus
393 4366 434 4421 ad
457 4382 564 4434 unum,
589 4367 632 4423 sic
656 4369 717 4423 ecla
740 4368 782 4423 ud
805 4385 850 4422 eea
874 4381 1044 4440 pronomen
1060 4381 1119 4438 quo
1139 4365 1261 4438 linguae
1277 4371 1429 4439 cognatae
1453 4364 1541 4422 varie

238 4473 368 4524 utuntur.
414 4463 488 4522 Osci
511 4467 580 4522 ekak
602 4467 682 4523 ekass
704 4469 747 4523 ita
770 4466 918 4523 adhibent
938 4474 971 4522 ut
997 4466 1097 4523 Latini
1112 4465 1187 4521 lanc
1205 4466 1267 4522 tras.
1305 4465 1335 4522 hi
1357 4465 1413 4540 ipsi
1433 4481 1542 4542 sump-

240 4567 315 4624 sisse
337 4567 478 4624 indidem
501 4567 640 4625 videntur
663 4586 742 4642 quae
757 4569 887 4626 maxime
910 4567 990 4624 inter
1013 4585 1046 4624 se
1069 4566 1214 4624 differunt
1237 4567 1340 4642 specie
1363 4583 1455 4622 eccum
1478 4585 1543 4626 ecce

239 4676 271 4724 et
307 4669 411 4741 ecquid
431 4672 585 4744 ecquando.
631 4670 737 4728 Vmbri
774 4689 849 4746 quos
883 4689 976 4728 oseae
1011 4667 1242 4728 consuetudinis
1275 4675 1417 4745 expertes
1440 4667 1543 4731 fuisse
