3742 5364
705 357 764 416 159
1123 328 1125 330 ’
1170 381 1172 386 ,
1290 355 1377 415 nrm

74 549 181 601 mune
201 535 205 620 l
226 537 386 620 Pupdike
423 547 562 619 apentu.
623 537 703 598 tislu
757 537 1046 620 PumunolPuplico
1057 544 1237 619 impendito.
1250 547 1377 605 dicatio·

75 639 225 704 sevakni
245 647 376 702 naratu.
399 637 403 718 Ι
424 637 508 699 iuka
538 657 701 700 mersuva
715 663 741 701 rs
758 660 827 699 nem
849 643 1026 700 sollemnem
1049 639 1377 722 narratolorationem

75 842 150 900 dial.
169 842 231 901 tab.
254 841 336 914 XV),
368 839 562 898 Salernitana
596 841 729 914 legatam
757 842 919 915 pecuniam
949 851 1079 900 testatur
1100 846 1142 901 ad
1164 848 1375 904 exornandam

74 944 191 1003 aedem
215 942 346 1001 Ibmontlr
364 940 562 1018 (Mommseni
585 941 637 1002 IN.
652 938 732 1019 122),
762 943 881 1000 Romae
905 942 1045 1002 Pomona
1067 947 1177 1004 colitur
1199 955 1231 1004 et
1252 949 1283 1004 in
1304 967 1378 1024 agro
1448 955 1449 959 ’

75 1045 254 1102 suburbano
278 1043 427 1101 Pomonal
459 1043 633 1118 flamenque
663 1043 820 1100 institutus
854 1053 902 1102 est
934 1045 1109 1104 Pomonalis
1142 1039 1377 1122 quem*Verrius

76 1146 204 1219 quidem
226 1155 289 1203 tum
312 1163 383 1202 cum
407 1145 506 1220 pomis
531 1152 648 1201 tantum
670 1144 823 1202 levissimo
852 1145 964 1202 fructui
986 1165 1126 1222 agrorum
1149 1149 1210 1206 dea
1231 1168 1378 1224 praeesse

74 1248 264 1315 crederetur,
295 1247 443 1303 minimae
471 1247 550 1303 inter
578 1245 716 1304 flamines
740 1246 928 1318 dignationis
952 1248 1045 1305 fuisse
1068 1250 1194 1307 rettulit.
1238 1252 1377 1309 nimirum

76 1350 245 1424 agrestium
267 1349 381 1406 cecidit
403 1328 553 1423 paulatim
568 1348 728 1405 numinum
743 1348 898 1408 maiestas
937 1349 1020 1406 illum
1036 1351 1129 1407 deum
1145 1368 1236 1425 quem
1252 1353 1283 1409 in
1299 1355 1377 1411 arvis

74 1450 184 1510 Vmbri
207 1459 397 1520 venerantur,
433 1450 626 1524 Frugiferum
646 1451 778 1525 aliquem
802 1450 894 1507 fuisse
917 1459 1008 1525 putes
1032 1453 1085 1526 qui
1103 1463 1253 1526 proventu
1275 1455 1377 1512 sulcos

76 1560 187 1607 oneret
209 1552 410 1626 omnibusque
444 1568 659 1626 quaecumque
694 1559 774 1608 terra
808 1550 870 1607 feta
902 1552 981 1625 parit
1007 1552 1039 1608 ln
1066 1570 1148 1609 anno
1169 1557 1376 1613 maturitatem

74 1650 207 1711 adferat.
252 1670 290 1708 eo
312 1653 392 1708 enim
417 1654 531 1710 ducunt
547 1661 625 1726 puer
640 1651 732 1725 pubes
748 1660 874 1725 pomum.
899 1671 1073 1727 cognomen
1096 1655 1157 1711 deo
1181 1658 1277 1713 modo
1299 1657 1378 1731 Pup·

74 1753 143 1809 ‹izlle
165 1762 213 1810 est
234 1755 328 1811 modo
351 1772 388 1810 ex
410 1743 549 1811 molliore
565 1772 646 1829 quae
669 1763 733 1810 turn
749 1754 957 1836 invalescebat
979 1757 1229 1829 pronuntiatione
1243 1748 1377 1831 Pupdiie,

74 1854 109 1910 id
135 1865 182 1911 est
205 1855 341 1929 Puplico.
387 1873 459 1913 nam
486 1855 570 1930 quod
592 1854 754 1911 formatum
776 1854 837 1911 hoc
859 1855 1045 1912 adiectivum
1071 1874 1126 1930 per
1147 1860 1250 1926 dest,
1280 1859 1378 1932 puplu

77 1963 183 2012 autem
205 1957 359 2030 propriam
383 1956 566 2013 Vmbromm
598 1956 730 2012 litteram
762 1973 929 2030 numquam
956 1958 1142 2032 adsumpsit,
1180 1977 1217 2017 ea
1249 1978 1282 2016 re
1304 1959 1377 2016 nihil

76 2058 160 2114 aliud
183 2059 411 2115 demonstratur
429 2057 486 2114 nisi
508 2075 571 2114 non
589 2058 700 2113 exiisse
715 2058 845 2113 alterurn
860 2057 899 2113 ab
917 2058 1023 2126 alter0,
1047 2058 1182 2132 quamvis
1205 2059 1243 2115 ab
1265 2062 1376 2117 eadem

75 2167 240 2234 utrumque
263 2160 356 2233 stirpe
378 2160 575 2232 procreverit.
631 2177 689 2216 nec
715 2159 840 2216 latinum
862 2159 1049 2216 adiectivum
1073 2177 1090 2216 a
1113 2161 1227 2234 populo
1252 2163 1376 2218 demum

76 2259 249 2316 derivatum
270 2269 327 2329 est,
351 2279 421 2318 nam
444 2261 554 2335 poplus
577 2261 701 2317 brevem
723 2260 817 2318 habet
839 2260 997 2336 syllabam,
1020 2260 1197 2335 poublicom
1218 2263 1374 2336 publicum

74 2362 230 2436 puplicum
252 2379 372 2436 semper
394 2364 527 2436 longam,
550 2379 649 2436 eoque
672 2371 853 2436 argumento
870 2371 992 2420 constat
1012 2362 1167 2436 publicum
1186 2363 1290 2420 fictum
1305 2381 1375 2420 esse

76 2479 216 2519 seorsum
239 2481 257 2519 a
280 2463 383 2538 poplo.
430 2464 501 2519 det
524 2463 672 2521 llitteras
694 2463 851 2536 gentilicia
876 2462 1002 2520 nomina
1035 2463 1186 2538 permulta
1223 2465 1375 2522 alternant

56 2574 112 2620 ,ut
134 2562 278 2638 Popidius
302 2563 435 2639 Popilius
459 2582 600 2639 quaeque
624 2566 695 2622 olim
719 2565 862 2638 congessi
885 2565 915 2620 in
944 2582 1051 2622 museo
1074 2564 1158 2623 rhen.
1181 2563 1227 2620 XI
1249 2584 1279 2640 p.
1303 2568 1374 2635 296,

76 2666 204 2721 easdem
217 2665 370 2723 alternant
384 2664 524 2743 famedz'a
539 2665 721 2748 Vmbrorum
738 2675 769 2722 et
783 2664 962 2722 Samnitium
979 2666 1218 2740 Latinorumque
1231 2666 1373 2744 famelica,

75 2783 180 2839 neque
202 2767 291 2839 igitur
312 2767 404 2822 miror
418 2775 495 2840 pup·
516 2767 635 2840 longius
653 2768 835 2841 promissum
852 2775 882 2823 et
898 2767 958 2824 hac
978 2775 1010 2824 et
1032 2767 1109 2826 illac.
1147 2767 1300 2842 publicum
1316 2767 1374 2824 Po·
1404 2846 1406 2851 .

75 2884 202 2922 monum
225 2885 286 2923 non
310 2867 382 2923 ideo
404 2869 520 2924 dictum
543 2869 680 2937 arbitror,
704 2878 737 2925 ut
760 2869 915 2943 popularis
939 2886 956 2924 a
979 2869 1146 2943 peregrinis
1171 2870 1374 2942 distinguere·

75 2977 136 3036 tur,
160 2984 220 3042 quo
244 2970 337 3025 modo
362 2969 482 3026 Romae
506 2970 696 3043 publicorum
719 2971 847 3027 deornm
871 2970 902 3025 ln
917 2968 1066 3038 Palatino,
1089 2970 1331 3026 adventiciorum
1342 2970 1373 3026 in

77 3066 185 3124 Caelio
208 3086 261 3125 ara
284 3070 421 3126 extitisse
451 3070 553 3138 fertur,
583 3072 640 3126 sed
675 3081 709 3128 ut
736 3073 904 3129 communis
937 3072 1072 3129 omniurn
1100 3090 1118 3128 a
1144 3072 1282 3145 privatiS,
1314 3087 1375 3144 quo

74 3169 172 3225 modo
195 3169 289 3226 Lares
313 3170 475 3228 familiares
508 3173 766 3247 acdomesticos
800 3158 989 3248 publicorum
1017 3182 1124 3229 secuta
1146 3180 1194 3228 est
1216 3171 1321 3246 religio
1345 3179 1376 3227 et

74 3271 149 3326 licet
172 3288 257 3328 suam
280 3272 409 3346 quisque
432 3272 602 3328 Fortunam
624 3282 794 3339 veneretur,
817 3273 899 3330 urbis
922 3280 1016 3346 atque
1039 3271 1168 3327 civitatis
1191 3271 1286 3328 tutela
1302 3270 1375 3327 For-

74 3379 152 3429 tuna
173 3371 292 3447 publica
315 3373 377 3429 sive
403 3373 538 3430 Fortuna
561 3375 665 3449 populi
689 3375 807 3432 romani
829 3374 968 3431 habetur.
1016 3389 1142 3428 uxorem
1168 3371 1297 3429 Pomoni
1313 3371 1374 3427 Ve-

76 3489 188 3529 sunam
210 3472 315 3530 Vmbri
338 3484 483 3547 putarunt
516 3475 619 3549 itaque
645 3474 732 3533 ‘hanc
754 3474 913 3532 Vesunam
936 3474 1097 3531 Puemunes
1119 3473 1312 3548 appellarunt
1342 3480 1376 3530 ut

77 3572 180 3630 Latini
198 3574 311 3631 Maiam
335 3574 479 3642 Volcani,
503 3571 668 3632 Nerienem
688 3576 795 3633 Martis
819 3574 947 3651 [Gellius
971 3576 1049 3633 XIII
1061 3575 1125 3648 23).
1159 3573 1330 3631 Pomonam
1346 3572 1376 3630 hi

76 3673 291 3733 fabulabantur
312 3676 453 3750 nupsisse
469 3675 649 3744 Vertumno,
673 3678 722 3751 qui
746 3686 780 3734 ut
802 3677 951 3751 Propertii
975 3684 1096 3733 tomata
1118 3676 1211 3733 verba
1234 3675 1375 3745 referam,

74 3777 222 3833 vertentis
245 3776 373 3833 fructum
396 3787 597 3852 praeceperat
620 3778 705 3835 anni:
740 3778 823 3835 idem
851 3787 990 3836 autnon
1019 3777 1113 3834 multo
1139 3795 1228 3835 secus
1265 3777 1374 3833 animis

75 3887 286 3952 conceperant
309 3880 359 3953 qui
382 3878 512 3936 Pomoni
535 3887 567 3936 et
589 3878 734 3936 Vesunae
758 3880 933 3953 coniugium
956 3879 1080 3935 finxere.

178 3979 217 4037 28
240 3981 334 4037 semel
356 3981 421 4037 ovis
444 3998 538 4038 causa
561 3980 718 4055 praefatur
739 3983 897 4048 sacerdos,
920 3998 983 4037 non
1005 3981 1060 4040 bis.
1096 3980 1153 4036 rite
1176 3980 1256 4036 enim
1279 3980 1375 4037 dicari

75 4080 219 4154 tradique
242 4081 302 4138 deo
325 4081 456 4139 hostiam
472 4083 546 4139 dum
562 4084 750 4157 pronuntiat,
774 4084 846 4141 dum
868 4075 939 4138 trilu
961 4080 1084 4138 seoolrm‘
1103 4087 1202 4150 norat,
1224 4080 1374 4137 tralaticio

75 4181 210 4238 carmine
232 4182 323 4238 utitur
345 4200 444 4257 eaque
467 4184 559 4240 verba
583 4185 715 4259 loquitur
748 4201 828 4259 quae
854 4185 948 4240 etiam
976 4182 1060 4257 prius
1092 4183 1134 4239 ad
1156 4182 1375 4239 immolandum

73 4281 162 4338 sakre
183 4282 374 4342 adhibuerat.
418 4285 460 4342 ibi
476 4292 536 4358 pro
550 4282 711 4360 fratribus
730 4295 761 4343 et
784 4295 887 4343 cetera
909 4285 934 4342 si
960 4302 1028 4342 curn
1055 4283 1257 4358 impendendi
1281 4284 1375 4340 verbo

74 4385 214 4441 correctis
237 4403 273 4441 ac
297 4387 321 4444 si
345 4405 414 4443 cum
437 4388 571 4455 dicendi,
605 4389 734 4461 perinde
764 4396 887 4445 constat
919 4386 1083 4444 sententia.
1128 4385 1177 4442 hic
1204 4385 1277 4441 ideo
1299 4383 1375 4440 bif-

73 4487 151 4542 riam
173 4487 269 4543 oratio
293 4486 453 4560 dispertita
469 4494 516 4542 est
533 4487 735 4561 additumque
759 4487 829 4543 z'uka
845 4505 978 4544 mersura
1000 4485 1116 4553 habelu,
1140 4493 1173 4540 ut
1189 4483 1267 4542 haec
1282 4484 1376 4542 verba

74 4584 220 4643 facienda
242 4603 311 4642 esse
334 4587 447 4642 scirent
470 4585 602 4655 unz'lrum,
634 4587 677 4643 ad
699 4604 798 4654 ovem,
822 4588 977 4660 producto
1000 4604 1102 4643 coram
1125 4592 1155 4641 et
1177 4592 1279 4642 stante
1302 4592 1375 4641 ante

72 4705 159 4744 aram
181 4686 310 4745 animali.
355 4688 439 4762 quod
459 4695 659 4761 praeceptum
681 4687 851 4759 respondet
874 4689 1022 4762 superiori
1046 4687 1086 4744 illi
1109 4691 1197 4742 testru
1220 4705 1278 4744 sese
1301 4703 1374 4743 asa.-
