3742 5364
230 333 327 394 11425
856 339 915 395 134

230 514 313 594 puni
334 515 383 577 tiu
400 513 509 595 vinu'l
523 514 617 587 teitu,
639 515 749 576 berva
764 513 854 578 freh-
868 541 894 578 m
907 516 990 578 vino'
1005 514 1009 597 Ι
1023 523 1128 590 dicite,
1152 539 1244 578 verua
1267 522 1452 597 refrigerans
1473 523 1526 581 ier-

230 614 284 677 tef
307 614 406 679 fertu.
449 621 540 696 pude
566 613 703 676 nuvime
735 612 852 688 ferest,
904 630 946 678 to.
1000 624 1086 695 quod
1123 641 1239 680 nonum
1280 624 1371 688 feret.
1415 641 1527 683 crema·

230 714 448 798 krematrufl
470 716 579 779 sumel
609 714 708 777 fertu.
752 715 856 778 vesti·
905 730 968 778 tros
993 715 997 798 l
1018 723 1105 779 simul
1129 722 1216 783 ferto.
1266 724 1394 782 vesticia
1416 726 1448 783 in
1469 724 1528 783 sos·

230 922 289 979 chii
311 924 432 998 proprie
455 925 497 981 ita
519 925 707 982 vocabantur
728 923 824 980 flexus
852 923 966 980 sinuati
1000 918 1221 999 (ἀγκυλοῦντα
1243 925 1292 986 δεῖ
1313 922 1450 1002 σφόδρα
1471 924 1528 1002 τὴν

230 1024 321 1100 χεῖρα
342 1023 478 1100 πέμπειν
500 1021 667 1100 εὐρύθμως
690 1025 782 1099 siquis
808 1024 880 1080 libat
901 1042 971 1081 cum
993 1024 1139 1099 tripudio)
1164 1027 1228 1082 sive
1244 1027 1465 1103 cuiuscumque
1486 1029 1528 1086 rei

230 1127 311 1185 vices
334 1129 503 1186 universae.

330 1231 369 1288 25
392 1230 499 1286 libatur
510 1236 542 1284 et
556 1228 729 1302 tripodatur
744 1228 882 1294 noviens,
902 1227 953 1300 qui
965 1245 1109 1284 numerus
1126 1229 1212 1301 quod
1227 1236 1274 1284 ter
1288 1236 1378 1286 terna
1392 1229 1531 1287 continet

230 1345 323 1402 quam
345 1337 469 1386 sanctus
492 1336 665 1402 potensque
689 1345 707 1383 a
726 1328 878 1383 veteribus
895 1327 1015 1383 habitus
1036 1327 1074 1383 sit
1091 1327 1137 1383 vel
1153 1327 1281 1384 Ausonii
1302 1345 1406 1402 nugae
1428 1337 1530 1385 osten-

230 1431 321 1489 dunt:
355 1430 432 1485 iuris
454 1431 527 1486 idem
550 1428 645 1484 tribus
666 1435 707 1485 est
735 1429 816 1502 quod
838 1433 882 1483 ter
904 1426 1008 1493 tribus,
1035 1429 1131 1483 omnia
1161 1429 1192 1483 in
1220 1429 1283 1485 zbtr's
1317 1424 1438 1504 (idyllio
1460 1426 1529 1497 XI).

229 1530 434 1587 novemdialia
455 1525 574 1590 ἔννατα
597 1526 647 1589 ἐπὶ
669 1522 787 1603 νεκροῦ
811 1523 956 1601 ἀγόμενα
981 1526 1108 1595 Philox,
1143 1529 1174 1584 in
1195 1529 1264 1604 lege
1285 1546 1444 1587 sacrorum
1466 1530 1530 1605 My·

231 1631 322 1687 conia
344 1650 369 1690 v.
387 1633 426 1690 23
454 1626 577 1710 Σεμέλῃ
602 1626 747 1703 ἐτήσιον·
776 1628 874 1688 τοῦτο
899 1623 1094 1696 ἐνατεύεται,
1129 1629 1158 1684 in
1188 1629 1360 1688 christianis
1392 1632 1531 1689 ecclesiis

231 1731 302 1788 olim
326 1748 380 1805 pro
403 1732 544 1788 fidelibus
567 1731 721 1788 defunctis
755 1725 845 1803 τρίτα
878 1723 931 1787 καὶ
953 1723 1073 1788 ἔννατα
1104 1729 1151 1784 vel
1181 1725 1381 1804 τριτεννάται
1404 1731 1531 1807 μνῆμαι.

230 1831 380 1889 Lemuriis
405 1833 456 1907 qui
480 1832 568 1889 fabas
591 1832 672 1898 iacit,
705 1831 810 1887 novies
834 1830 909 1886 dicit
936 1824 1027 1886 ‘baec
1053 1846 1112 1903 ego
1136 1826 1238 1887 mitto’
1261 1849 1326 1908 eqs.
1360 1828 1434 1906 (Ov.
1456 1833 1527 1894 fast

231 1931 259 1986 V
281 1931 351 1991 439.
369 1929 450 2005 443).
495 1933 582 1989 nuur's
604 1951 622 1989 a
644 1951 711 1989 nov·
735 1931 846 1988 flexum
868 1939 971 1987 estut
994 1931 1057 1988 dvis
1078 1926 1157 2004 τρίς,
1180 1939 1214 1986 ut
1236 1932 1418 2006 quinquiens
1441 1933 1534 1994 Oscis

223 2034 331 2105 pomus
349 2044 396 2091 est
419 2036 458 2091 ab
481 2035 610 2091 ordinali
635 2035 771 2101 ductum,
795 2051 858 2089 non
875 2051 893 2090 a
910 2032 1067 2108 cardinali,
1090 2031 1284 2089 inveniuntur
1306 2043 1412 2092 autem
1428 2034 1534 2095 Latini

232 2142 354 2210 quoque
377 2136 474 2192 nom‘es
497 2134 620 2191 linxisse
643 2142 766 2208 praeter
786 2134 883 2190 novies
898 2134 928 2188 in
948 2132 1123 2189 Tironianis
1147 2133 1228 2190 uotis
1243 2152 1272 2209 p.
1290 2136 1340 2205 68,
1356 2137 1415 2196 109
1428 2135 1534 2199 Schm.

232 2237 351 2310 quoties
374 2244 427 2292 aut
451 2245 499 2292 tus
522 2244 576 2291 aut
592 2236 693 2291 vinum
715 2252 807 2308 super
829 2235 982 2291 victimam
1005 2234 1201 2301 fundebatur,
1224 2235 1372 2293 dicebant
1392 2231 1536 2299 ‘mactus

232 2345 280 2393 est
302 2346 403 2394 taurus
427 2331 512 2393 vino'
546 2337 593 2392 vel
629 2331 722 2392 ‘ture'
755 2343 835 2392 teste
868 2335 972 2392 Servio
996 2336 1073 2392 Aen.
1097 2334 1141 2391 IX
1159 2337 1230 2394 641.
1267 2336 1347 2394 baec
1367 2355 1456 2398 sacra
1480 2343 1535 2416 qui

233 2437 323 2506 iacit,⁸
339 2439 482 2512 quotiens
506 2454 593 2495 sacro
617 2437 750 2511 tripudio
774 2444 884 2493 terram
907 2435 1009 2505 feriat,
1042 2436 1136 2493 etiam
1163 2453 1256 2493 verua
1277 2437 1445 2498 obmovere
1466 2442 1535 2500 deo

232 2540 354 2596 iubetur
383 2548 415 2595 et
441 2539 561 2596 adferre
574 2538 700 2617 srelztef,
733 2537 915 2611 refrigerans
940 2537 987 2593 vel
1017 2537 1219 2610 frigefaciens
1266 2537 1368 2595 Liberi
1395 2549 1536 2603 mortem

232 2659 269 2698 ac
291 2641 380 2697 funus
404 2642 455 2715 qui
477 2641 641 2709 imitentur,
674 2657 798 2698 caesum
826 2639 941 2696 addet
965 2638 1159 2696 simulacrum
1182 2639 1294 2696 animal
1325 2650 1379 2697 aut
1411 2641 1445 2698 in
1466 2644 1537 2703 olla

233 2743 409 2817 decoquere
432 2751 484 2798 aut
507 2750 626 2816 septem
644 2742 767 2797 'veribus
789 2740 926 2814 corporis
945 2740 1081 2795 membra
1103 2740 1238 2797 lacerata
1260 2739 1404 2816 suffigere
1420 2741 1536 2803 Firmi·

232 2861 285 2899 cus
308 2852 411 2900 narrat
434 2844 474 2898 de
496 2860 599 2899 errore
621 2843 697 2917 prof.
720 2844 772 2900 rel.
796 2844 825 2908 8,
841 2844 874 2899 2:
898 2840 946 2897 hic
967 2857 1078 2896 novem
1102 2858 1229 2898 numero
1252 2841 1426 2900 oblationes
1449 2856 1538 2916 sunt,

230 2945 298 3018 ipsa
320 2961 414 3001 verua
437 2953 523 3001 extra
545 2962 712 3004 numerum.
761 2944 838 3000 sicut
860 2947 969 2998 γενναία
992 2950 1024 2998 et
1046 2942 1143 3020 restes
1161 2943 1358 2999 unius'verbi
1383 2953 1456 3002 sunt
1476 2946 1539 3006 im·

232 3045 387 3118 perativus
410 3053 441 3102 et
463 3045 656 3119 participium
680 3045 843 3099 instaurato
865 3051 896 3098 et
919 3043 1106 3109 instaurans,
1141 3043 1185 3100 sic
1210 3041 1335 3120 srehlcs
1356 3045 1398 3101 ad
1419 3043 1538 3122 srehtu

231 3145 273 3201 IV
289 3148 326 3203 31
361 3164 430 3202 eam
462 3147 612 3202 rationem
635 3145 729 3201 habet
750 3141 1024 3219 quamfrigidons
1045 3144 1171 3200 verbum
1203 3162 1268 3201 non
1290 3145 1439 3218 optimum
1462 3152 1537 3224 qui-

231 3247 303 3302 dem
326 3248 384 3304 sed
406 3255 510 3303 tamen
533 3247 658 3303 latinum
680 3247 722 3302 ad
734 3245 900 3324 frigidum.
945 3245 1085 3302 additum
1106 3252 1210 3302 autem
1232 3245 1293 3302 hoc
1316 3246 1463 3321 oportuit,
1487 3267 1533 3306 ne

231 3349 344 3406 totiens
367 3367 459 3406 verua
481 3366 632 3405 unacum
656 3348 758 3404 foculo
783 3347 990 3420 subiectisque
1013 3347 1197 3404 carbonibus
1218 3347 1415 3403 admovenda
1437 3358 1535 3423 puta·

231 3460 308 3515 rent,
333 3459 428 3506 totam
451 3451 531 3506 enim
555 3451 644 3506 istam
661 3450 790 3506 culinam
807 3457 900 3522 atque
923 3447 1096 3525 krentalrus
1111 3464 1173 3504 non
1197 3448 1310 3522 placuit
1332 3449 1449 3522 adponi
1471 3452 1537 3511 nisi

232 3554 326 3609 semel
350 3570 386 3609 ac
409 3560 596 3626 postremum
619 3553 744 3625 quando
769 3568 840 3606 veru
857 3549 983 3605 ferretur
1005 3549 1120 3604 nuur'me
1142 3549 1174 3604 id
1197 3558 1246 3606 est
1260 3566 1385 3608 nonum.
1418 3552 1537 3611 adver·

232 3653 343 3709 bialem
366 3652 494 3709 formam
510 3653 604 3708 habes
621 3670 712 3726 quam
728 3671 796 3709 cum
814 3651 933 3708 rresr'mei
944 3651 1095 3723 proxime,
1119 3651 1335 3725 superlativam
1349 3668 1442 3724 quam
1460 3671 1537 3715 cum

226 3765 337 3828 prumu
360 3749 499 3829 ἕβδομος
515 3772 652 3810 novamus
668 3754 819 3821 conferas,
835 3754 1076 3828 respondentem
1088 3753 1172 3809 nuuz‘s
1188 3752 1426 3827 comparativae,
1453 3772 1537 3831 ergo

232 3857 318 3930 quod
339 3872 455 3912 nonum
474 3854 551 3911 feret
571 3866 711 3912 extorum
726 3856 846 3911 veribus
870 3854 1071 3925 haerentium,
1096 3870 1169 3910 cum
1190 3871 1228 3911 eo
1252 3852 1424 3930 krematrus
1437 3858 1539 3913 tumel

232 3956 310 4012 ferto
333 3956 364 4010 id
388 3964 436 4012 est
458 3955 545 4012 simul
570 3956 683 4023 semol,
706 3973 785 4029 quae
808 3955 924 4012 formae
955 3954 994 4011 ab
1029 3955 1164 4012 umbrica
1194 3954 1267 4011 nihil
1297 3954 1443 4011 differunt
1472 3958 1538 4015 nisi

233 4057 318 4130 quod
341 4056 437 4113 altera
459 4057 573 4113 vocalis
595 4058 657 4128 his,
681 4057 722 4113 illi
745 4058 827 4130 prior
848 4058 970 4131 gravior
1000 4067 1093 4133 atque
1127 4057 1287 4113 obtunsior
1309 4054 1442 4129 perstitit
1474 4052 1535 4132 (cf.

231 4152 297 4231 ἅμα
317 4152 399 4230 ὁμοῦ
423 4153 577 4231 ὁμαλεῖς).
623 4176 678 4232 pro
700 4159 786 4213 semel
807 4159 932 4214 verbum
956 4177 995 4213 ne
1018 4159 1161 4232 accipias,
1192 4158 1225 4213 id
1249 4156 1353 4212 Vmbri
1369 4159 1537 4229 preve'di·

233 4258 355 4325 cebant,
390 4275 530 4332 opusque
553 4268 620 4315 erat
640 4276 679 4315 ea
701 4260 850 4332 particula
872 4276 952 4333 quae
976 4260 1078 4332 aliquo
1108 4259 1203 4315 modo
1226 4257 1286 4314 hoc
1309 4274 1431 4314 comma
1454 4276 1536 4317 con-

233 4359 342 4432 ligeret
366 4377 433 4415 cum
457 4361 612 4433 superiore
636 4368 668 4415 et
689 4377 861 4433 pronomen
884 4359 1044 4416 relativum
1074 4362 1171 4416 adse
1195 4360 1354 4433 reciperet.
1398 4360 1537 4419 demon·

234 4460 394 4516 strativum
416 4460 505 4518 abest
527 4460 687 4516 brevitatis
712 4478 816 4528 causa,
840 4459 918 4517 Cato
941 4455 1043 4535 ‘lepus
1065 4461 1190 4516 multum
1213 4461 1312 4517 somni
1334 4458 1447 4528 adfert,
1480 4466 1538 4538 qui

232 4563 315 4619 illum
339 4558 424 4623 edit'.

335 4666 372 4724 27
405 4664 510 4742 tqsruio
536 4663 651 4720 Tursar
674 4665 731 4721 Vli
745 4667 771 4722 A
787 4668 826 4724 46
852 4674 899 4722 est
915 4667 953 4722 ab
969 4683 1008 4722 eo
1025 4666 1092 4722 loco
1110 4682 1170 4740 quo
1187 4665 1304 4722 Tursae
1320 4680 1442 4721 sacrum
1457 4666 1538 4742 igne
