3742 5364
228 343 317 405 1V18
850 350 909 406 166

229 525 345 589 vakne
368 520 523 590 skalseta
553 528 703 591 kunikaz
731 537 851 610 purtu·
902 551 972 589 nem
995 550 1032 588 ex
1063 541 1172 607 patera
1194 549 1276 607 genu
1309 533 1398 591 nixus
1432 535 1533 608 porri·

229 625 310 688 vitu.
354 626 493 690 inumek
517 625 521 707 Ι
543 622 687 692 vestisia
707 649 851 711 persun·
903 633 973 691 cito.
1018 626 1116 710 tunel
1144 633 1303 691 vesticiam
1332 642 1535 708 persontrum

230 736 285 789 tru
299 727 409 788 Turse
424 748 528 808 super
548 721 658 792 eresle
674 731 828 793 sevakne
840 732 851 803 i
863 754 888 794 ro
901 733 1019 791 Torsae
1043 752 1136 809 super
1165 733 1299 793 sacrario
1321 733 1507 791 sollemnem
1523 730 1535 802 i

231 825 385 892 skalseta
396 828 546 893 kunikaz
558 830 745 911 purtuvitu.
783 831 854 893 inu·
905 854 942 892 ex
959 843 1067 910 patera
1078 852 1159 909 genu
1172 835 1260 892 nixus
1275 834 1432 910 porricito.
1455 843 1537 893 tunc

232 1036 323 1093 divini
346 1036 478 1093 numinis
501 1054 570 1094 esse
593 1036 705 1112 colligo
729 1037 793 1094 sive
814 1037 973 1095 masculini
994 1044 1028 1093 ut
1049 1034 1121 1094 Orci
1144 1044 1175 1093 et
1196 1034 1277 1093 Ditis
1304 1035 1369 1094 sive
1393 1035 1538 1095 seminini

231 1145 264 1194 ut
284 1137 414 1195 Liberae
436 1135 630 1213 Cererisque,
654 1137 766 1195 vocalis
789 1137 869 1194 euim
893 1145 1028 1194 extrema
1050 1137 1150 1193 neutri
1182 1135 1319 1211 opinioni
1350 1135 1539 1213 refragatur.

232 1248 399 1314 cognatum
421 1239 494 1296 licet
515 1256 613 1314 ponas
640 1238 730 1296 Marti
753 1238 854 1295 Hudz'e
885 1237 974 1294 1132
1008 1237 1102 1294 Horsc
1123 1237 1166 1293 VI
1184 1237 1209 1294 B
1225 1239 1275 1310 43,
1309 1236 1380 1296 hinc
1411 1256 1477 1313 qua
1507 1237 1539 1295 vi

230 1340 403 1414 praeditum
427 1340 515 1398 fuerit
533 1341 617 1416 apud
639 1339 772 1398 Vmbros
794 1339 888 1396 nihilo
911 1339 1009 1414 magis
1032 1338 1141 1399 elucet.
1188 1339 1244 1395 sed
1267 1338 1413 1415 quoniam
1435 1338 1539 1397 hosti·

232 1442 289 1497 bus
311 1441 432 1498 cladem
454 1459 492 1500 ac
512 1442 677 1516 perniciem
700 1441 905 1516 imprecantes
932 1440 1010 1498 haec
1034 1441 1126 1497 verba
1148 1439 1296 1497 adhibent
1320 1439 1419 1497 handu
1440 1438 1538 1506 hallu,

232 1560 301 1600 cum
323 1542 404 1599 Hulc
424 1560 537 1600 nomen
559 1544 671 1619 pariter
692 1560 863 1600 consonare
886 1543 993 1599 videas
1027 1560 1097 1599 cum
1130 1541 1299 1617 posteriore
1320 1541 1414 1599 verbo
1438 1549 1539 1617 atque

232 1643 333 1700 Hunte
353 1642 455 1701 Honde
477 1662 547 1701 cum
569 1645 679 1719 priore,
702 1644 825 1700 minime
848 1642 911 1701 falli
934 1660 984 1700 me
1007 1643 1117 1718 opinor
1138 1643 1162 1700 si
1186 1644 1227 1700 ad
1241 1643 1320 1701 deos
1339 1642 1457 1701 inferos
1482 1660 1538 1702 co·

231 1745 411 1820 gitationem
426 1753 620 1804 convertero,
664 1762 741 1802 neve
765 1761 863 1818 nugas
880 1761 970 1818 agam
991 1743 1170 1819 hyperborei
1184 1744 1314 1802 nominIs
1330 1743 1539 1803 similitudine

232 1845 432 1921 stupefactus
455 1846 496 1903 de
518 1846 620 1903 italico
644 1846 689 1904 sas
712 1846 769 1902 erit
791 1845 1000 1903 coniecturam
1022 1862 1202 1919 expromere
1218 1843 1354 1920 quamvis
1372 1844 1537 1905 incertam.

233 1948 262 2003 iu
285 1964 359 2004 osca
382 1947 463 2003 enim
484 1948 651 2005 devotione
672 1965 764 2023 quam
785 1966 883 2022 nuper
903 1947 988 2004 edidi
1019 1944 1109 2019 (mus.
1133 1946 1217 2005 rhen.
1244 1945 1376 2003 XXXIII
1397 1965 1428 2022 p.
1445 1944 1538 2021 les.)

235 2048 381 2123 Paquium
404 2049 493 2106 Vibia
515 2050 643 2108 mandat
666 2049 769 2107 Cereri
790 2049 954 2106 Arenticae
987 2056 1019 2106 et
1053 2047 1149 2105 Furiis
1180 2055 1212 2104 et
1234 2048 1301 2104 ulos
1324 2047 1437 2123 legr'ner'
1468 2048 1539 2107 siue

233 2152 305 2216 olas,
328 2151 410 2207 idem
434 2151 615 2209 vocabulum
638 2151 698 2209 alia
720 2150 846 2207 dovotio
870 2167 945 2207 osca
968 2146 1136 2221 (Zvetaieff
1148 2166 1177 2207 n.
1194 2143 1248 2226 49)
1270 2148 1313 2207 sic
1334 2148 1460 2207 exhibet
1483 2169 1540 2209 nec

235 2253 329 2308 dicere
350 2271 400 2308 nec
415 2247 494 2327 sari
506 2252 607 2324 possit,
641 2270 691 2308 nec
713 2251 843 2307 menmim
864 2269 914 2306 nec
936 2251 1013 2306 olam
1034 2248 1092 2307 sibi
1110 2250 1260 2320 adsciscat,
1282 2250 1334 2307 ubi
1355 2266 1427 2309 cum
1447 2268 1540 2309 mem·

234 2354 295 2410 nr'm
317 2353 493 2410 memoriam
517 2370 586 2409 esse
603 2353 650 2408 vel
672 2361 904 2409 monumentum
927 2370 1020 2409 nemo
1042 2369 1105 2408 non
1125 2352 1316 2426 sumpsisset,
1340 2351 1418 2408 olam
1438 2351 1538 2410 inter·

233 2455 428 2529 prolabamur
449 2455 549 2511 aulam
572 2454 700 2512 ollamve
724 2455 936 2529 sepulcralem.
982 2455 1068 2530 quod
1101 2462 1205 2511 tamen
1228 2461 1332 2510 votum
1353 2453 1435 2511 male
1458 2472 1539 2513 con·

235 2557 317 2613 venit
339 2555 473 2614 moribus
496 2557 674 2613 Samnitium
699 2557 784 2630 apud
806 2573 883 2630 quos
899 2564 1085 2613 mortuorum
1104 2554 1167 2612 fere
1183 2555 1264 2612 nulla
1279 2562 1402 2612 exstant
1423 2571 1538 2615 monu-

235 2667 348 2726 menta,
372 2677 429 2715 nec
452 2659 574 2735 linguae
598 2660 716 2718 ratione
738 2660 805 2717 talis
829 2658 1024 2716 confirmatur
1045 2656 1227 2733 diphthongi
1248 2655 1376 2716 eversio,
1409 2655 1539 2731 quidsi

235 2759 362 2815 ntenrnim
384 2777 453 2816 earn
475 2761 653 2817 memoriam
673 2778 839 2835 curamque
871 2759 1019 2833 significat
1051 2776 1111 2834 qua
1144 2758 1243 2815 vivum
1268 2756 1424 2815 homiuem
1449 2757 1539 2816 bene

234 2860 375 2917 meritum
395 2861 473 2936 grati
494 2863 716 2938 prosequimur,
751 2882 768 2919 a
798 2880 858 2937 qua
881 2860 987 2918 Venus
1017 2841 1130 2917 nomen
1164 2859 1253 2916 duxit
1287 2857 1434 2917 MeminIa
1468 2858 1539 2917 sive

234 2962 426 3019 llimnermia
440 2961 639 3038 Mentomque
658 2963 775 3038 recepit
791 2963 821 3019 in
837 2962 1029 3030 societatem,
1055 2961 1131 3017 olam
1154 2967 1257 3016 autem
1277 2968 1407 3017 mortem
1424 2977 1540 3036 quem·

235 3064 402 3121 admodum
426 3061 552 3120 Ovidius
574 3063 642 3120 Ibin
665 3073 842 3121 exsecratur
865 3082 891 3120 v.
913 3065 972 3121 123
996 3062 1067 3118 desit
1088 3059 1146 3117 ribi
1164 3061 1249 3134 copia
1270 3060 1381 3127 mortes,
1404 3066 1540 3135 optatam

226 3164 339 3242 fugiat
358 3165 417 3220 vcia
439 3171 537 3220 coacta
560 3161 674 3221 necem?
696 3175 760 3222 tum
776 3162 879 3222 Cereri
903 3163 1186 3236 Eumenidibusque
1209 3161 1373 3219 consbnilis
1391 3171 1540 3237 potestas

235 3267 356 3323 accedit
381 3266 468 3324 tertia
491 3265 575 3323 Mors
598 3266 747 3334 hlortave,
770 3284 842 3322 nam
864 3267 950 3341 quod
974 3265 1085 3322 eodem
1108 3263 1231 3321 nomine
1254 3264 1314 3320 dea
1336 3271 1431 3338 atque
1453 3282 1540 3341 opus

235 3370 434 3436 denotantur,
457 3368 481 3424 si
504 3375 608 3425 tamen
632 3369 712 3424 deae
733 3385 897 3442 personam
919 3367 950 3423 in
972 3365 1023 3422 illa
1040 3365 1251 3423 exsecratione
1271 3365 1349 3439 gerit
1370 3364 1424 3421 ula
1446 3366 1541 3425 cuius

234 3469 379 3543 potestati
401 3467 532 3544 Paquius
554 3469 714 3537 addicitur,
749 3469 849 3525 Latini
872 3477 903 3526 et
925 3468 1068 3543 religiose
1091 3468 1196 3525 colunt
1217 3467 1381 3525 Libitiuam
1412 3475 1446 3525 et
1467 3469 1541 3529 lrbi·

235 3570 329 3627 tinam
353 3569 465 3627 iaciunt
488 3589 556 3628 cum
579 3570 754 3646 ignominia.
795 3571 826 3627 in
848 3570 895 3627 his
912 3570 1012 3644 siquid
1028 3570 1089 3626 veri
1104 3570 1194 3638 inest,
1218 3568 1338 3644 longius
1353 3567 1447 3626 etiam
1462 3587 1541 3645 pro·

236 3671 440 3745 gradiendum
462 3671 605 3728 existimo
633 3691 672 3729 eo
701 3682 734 3728 ut
765 3671 845 3728 Vlam
875 3689 980 3729 oscam
1003 3679 1116 3746 aequet
1139 3670 1223 3727 Hulo
1245 3671 1445 3739 Vmbrorum,
1478 3672 1541 3730 de·

235 3780 393 3830 traxerunt
419 3772 500 3829 enim
523 3790 664 3848 asperum
687 3773 825 3848 spiritum
856 3772 924 3829 Itali
959 3790 1053 3847 saepe
1087 3780 1139 3830 aut
1171 3772 1359 3830 addiderunt
1384 3771 1540 3848 principio

235 3875 328 3943 verbi,
350 3874 457 3930 Vmbri
478 3874 586 3931 hcrcc'lu
609 3880 697 3942 eretu,
718 3874 854 3949 Pacligni
877 3874 987 3943 Elvira,
1018 3874 1119 3931 Latini
1142 3874 1321 3931 Herucinm
1348 3891 1418 3932 cum
1441 3872 1540 3935 Oscis

236 3984 266 4032 et
288 3975 431 4032 Irlr'lurica
451 3977 695 4050 pronuntiantes.
741 3976 885 4051 quoniam
918 3975 1022 4031 intima
1044 3983 1092 4031 est
1114 3983 1213 4032 terrae
1237 3983 1437 4050 segetumque
1463 3992 1540 4035 cum

236 4078 283 4134 dle
305 4077 408 4133 inieris
430 4077 640 4149 necessitudo,
670 4076 843 4134 huiusmodi
866 4095 979 4134 numen
1002 4076 1033 4132 in
1054 4076 1115 4134 hoc
1140 4076 1288 4134 sacrificio
1309 4092 1373 4132 non
1394 4083 1540 4149 praeter-

235 4179 286 4246 iri,
318 4178 411 4235 immo
435 4178 532 4236 Luam
554 4180 710 4254 quandam
733 4198 803 4237 cum
818 4179 944 4237 Vesuna
966 4186 997 4235 et
1013 4178 1112 4235 Tursa
1135 4177 1288 4252 Indigitari
1312 4192 1445 4251 aequom
1468 4174 1540 4247 fuit,

235 4281 325 4353 elque
345 4289 417 4354 apte
441 4280 581 4354 supinum
603 4281 645 4337 ad
667 4281 773 4338 altaria
795 4282 896 4338 locum
918 4288 973 4336 aut
994 4281 1025 4336 iu
1048 4279 1194 4338 altaribus
1216 4278 1351 4335 infimum
1375 4277 1540 4352 adsignari

236 4381 282 4436 vel
305 4376 324 4441 ὁ
346 4374 421 4456 παρ’
442 4375 572 4462 Ὁμήρῳ
597 4378 715 4457 βόθρος
739 4383 785 4439 vel
808 4383 900 4440 totius
916 4381 1107 4458 antiquitatis
1130 4390 1223 4455 atque
1239 4382 1333 4438 etiam
1348 4377 1540 4441 Vmbrorum

236 4482 310 4539 ritus
331 4484 454 4540 abunde
478 4485 700 4544 demonstrant.

337 4585 377 4642 20
399 4585 551 4643 maximae
573 4588 760 4645 reverentiae
781 4607 818 4645 ac
840 4588 993 4662 religionis
1021 4586 1275 4662 supplicationem
1302 4581 1459 4658 excipiunt
1479 4584 1541 4641 de·

235 4685 405 4743 functoriae
429 4688 583 4761 quaedam
609 4689 829 4763 caerimoniae,
862 4691 1050 4764 obteguntur
1072 4688 1281 4755 sanctissIma,
1309 4704 1328 4743 a
1349 4699 1470 4744 summo
1493 4688 1540 4747 ad
