3742 5364
868 311 927 372 192

248 495 414 552 accusativi
437 504 467 552 te
491 494 588 552 vicem
611 495 727 553 obtinet
757 496 823 553 riom
847 497 928 554 teiam
950 498 991 554 tio
1014 507 1046 555 ut
1070 516 1176 557 oscum
1199 501 1283 557 titiam
1306 502 1357 561 tio.
1403 504 1554 562 adverbia

247 616 265 653 a
286 616 315 651 re
338 605 436 654 tracta
457 604 532 669 sepse
552 605 582 653 et
604 597 814 672 ser'podruhper'.

346 699 520 773 possessiva
542 715 611 771 geu.
627 700 703 772 sing.
717 708 813 759 neutr.
836 706 916 756 lover
937 706 1001 757 lucr
1023 702 1081 761 abl.
1097 702 1174 777 sing.
1193 703 1262 764 lem.
1285 709 1354 763 luva
1377 711 1439 772 tua,
1466 726 1553 765 socru

245 816 334 856 suum
353 817 431 857 meso
453 817 518 868 su0,
535 808 608 873 pase
631 806 736 860 vestra.

344 1002 653 1060 demonstrativomm
677 1009 707 1058 et
729 1001 923 1059 relativorum
945 1004 1160 1078 pronominum
1175 1005 1280 1063 Vmbri
1302 1008 1415 1082 figuras
1440 1008 1546 1070 fecere

244 1104 374 1161 maxime
407 1103 504 1159 varlas
532 1110 562 1159 et
584 1102 686 1176 aliqua
715 1120 752 1158 ex
780 1110 866 1176 parte
896 1103 1045 1161 obnoxias
1079 1106 1280 1177 dubitationi,
1315 1126 1393 1184 quas
1416 1112 1549 1185 quidem

244 1205 408 1280 separatim
430 1220 611 1279 proponam,
643 1203 894 1278 conduplicando
918 1205 1059 1280 syllabas
1082 1205 1248 1281 adfigendo
1271 1211 1434 1283 particulas
1458 1222 1551 1288 quat·

243 1317 324 1363 tuor:
350 1307 364 1361 i
383 1323 462 1380 quae
483 1313 670 1381 permutatur
692 1323 760 1362 cum
784 1324 798 1360 e
820 1307 850 1361 ei
884 1305 995 1366 ellat.
1024 1308 1126 1382 aliqua
1152 1309 1281 1384 aliquae,
1309 1311 1326 1367 k
1349 1312 1396 1368 vel
1423 1332 1439 1371 c
1466 1331 1552 1389 quae

243 1410 284 1466 ad
313 1425 389 1464 enom
420 1409 464 1464 sic
487 1407 745 1465 adcommodatur
766 1406 864 1464 ritumk
886 1407 999 1464 ritumek
1018 1408 1090 1465 inuk
1111 1409 1217 1469 ellat.
1235 1411 1294 1469 hae
1315 1412 1402 1481 haec,
1424 1416 1462 1471 de
1484 1434 1549 1474 rec.

242 1529 301 1566 -rse
323 1509 473 1566 ·rr·ei·rsi
498 1507 537 1566 cf.
560 1509 611 1569 lat.
636 1509 782 1583 quamde,
801 1508 875 1587 sont
894 1509 965 1566 honr
985 1516 1036 1566 on!
1056 1521 1114 1568 vet.
1137 1511 1212 1568 hunt
1234 1518 1289 1569 unt
1312 1531 1392 1589 quae
1429 1517 1553 1575 stabili·

242 1613 313 1669 tatis
337 1620 368 1668 et
391 1610 584 1685 aequalitatis
607 1618 681 1666 nota
704 1609 758 1666 suit
781 1611 915 1667 similiter
937 1629 974 1667 ac
997 1613 1101 1669 vicinis
1122 1613 1244 1689 populis
1267 1615 1334 1672 dum
1357 1617 1425 1675 dem.

340 1815 365 1871 is
388 1832 424 1871 ea
447 1815 493 1871 id:
525 1815 565 1870 ad
589 1813 668 1871 banc
690 1814 925 1872 declinationem
950 1816 1135 1873 adhibentur
1157 1817 1285 1892 figurata
1308 1819 1348 1876 ab
1371 1821 1386 1877 i
1405 1829 1437 1878 et
1458 1822 1491 1879 ia
1517 1833 1550 1882 et

241 1937 291 1973 era
314 1917 426 1991 pariter
447 1923 538 1988 atque
562 1912 635 1972 Osci
658 1915 753 1972 mixta
777 1915 898 1972 casibus
922 1924 1129 1990 temperarunt
1152 1919 1163 1972 i
1184 1927 1215 1974 et
1238 1920 1268 1973 ia
1290 1926 1320 1976 et
1343 1922 1416 1977 ciza.

339 2018 362 2074 is
387 2036 433 2073 ere
454 2016 543 2083 ere—l,
566 2016 648 2073 idem
670 2033 763 2074 masc.
787 2015 900 2072 erebant
920 2022 1007 2075 erant.
1052 2036 1088 2075 ea
1112 2018 1206 2076 eru-k.
1252 2020 1284 2076 id
1305 2039 1366 2076 erse
1388 2022 1481 2082 (Μ.

338 2137 407 2176 eam
429 2137 499 2178 eam.

340 2221 405 2278 eius
427 2237 521 2279 masc.
544 2238 609 2276 erer
631 2238 662 2275 er
683 2238 715 2274 er
736 2218 798 2276 irer
820 2218 942 2290 cnr-ek,
965 2219 1032 2279 scm.
1049 2239 1131 2288 erar,
1154 2220 1290 2279 eiusdem
1311 2222 1380 2283 sem.
1401 2231 1546 2287 erarunt.

342 2322 382 2376 de
402 2321 506 2376 dativo
530 2320 606 2394 sing.
629 2320 698 2376 vide
721 2337 776 2378 eso.

341 2441 410 2479 eum
433 2439 470 2479 eo
495 2421 585 2477 rrrcku
609 2439 728 2488 erucem,
766 2421 875 2476 eodem
899 2420 997 2480 eruhu.
1026 2439 1062 2478 ea
1083 2423 1177 2493 eru-k,
1208 2425 1317 2481 eadem
1340 2423 1465 2503 crosent
1485 2436 1548 2487 vet.

241 2525 373 2583 erubunt.

339 2627 432 2683 iidem
454 2629 559 2681 euroni
577 2631 610 2679 ut
638 2621 824 2683 Cloverm'ur.
859 2639 895 2679 ea
917 2632 1057 2680 neutrum
1080 2633 1137 2683 vet.
1161 2643 1204 2685 eu.

340 2745 393 2784 eos
417 2746 445 2783 eo
467 2723 624 2804 detritas,
647 2743 699 2782 eas
723 2720 783 2800 eos,
806 2724 961 2799 utriusque
976 2726 1095 2797 generis
1119 2725 1241 2804 esaves
1264 2727 1294 2784 in
1309 2728 1416 2804 eisque
1431 2732 1545 2806 picum

240 2838 272 2886 ut
296 2830 347 2887 lat.
371 2829 395 2885 is
418 2826 587 2903 (Charisius
610 2845 639 2902 p.
659 2821 775 2902 133‚1).

340 2948 443 2988 eorum
468 2949 543 2986 erom
567 2947 624 2989 eru.

339 3050 393 3108 pro
416 3032 451 3088 iis
474 3033 567 3105 iepru,
590 3048 690 3105 neque
709 3029 794 3087 aliter
817 3030 1021 3103 compositum
1044 3031 1162 3088 videtur
1185 3032 1251 3106 iepr'.
1289 3034 1404 3091 eisdem
1425 3034 1545 3097 finibus

237 3135 349 3191 err‘ront
368 3134 495 3200 iuderm,
521 3132 636 3189 eisdem
660 3130 820 3205 capidibus
843 3139 901 3191 vet.
924 3137 1078 3187 erererunt
1097 3131 1232 3205 kaprlius.

335 3235 411 3291 haec
435 3242 517 3290 certa
540 3232 665 3303 habeam,
688 3232 804 3289 incerta
828 3241 880 3289 aut
904 3231 980 3289 falso
997 3241 1120 3307 sumpta
1142 3233 1206 3290 illa:
1231 3253 1291 3289 erse
1311 3232 1353 3290 VI
1368 3234 1427 3294 Ao
1454 3237 1543 3297 volui

236 3354 304 3394 csse
327 3355 364 3394 ea
387 3337 470 3403 sede,
493 3352 575 3390 nuuc
598 3333 706 3388 dubito
730 3351 769 3388 au
792 3333 823 3388 id
846 3333 932 3389 sitin
949 3333 1002 3390 tali
1023 3334 1189 3390 sententia:
1213 3335 1338 3402 sedens,
1359 3336 1445 3409 quod
1461 3344 1545 3397 tem·

234 3441 316 3516 poris
333 3438 445 3495 sederit
468 3453 570 3509 augur,
594 3436 625 3491 ld
649 3435 818 3492 taciturnus
842 3444 918 3502 est0,
942 3452 1013 3490 nam
1035 3435 1112 3490 sersr'
1129 3434 1213 3491 idem
1229 3452 1298 3490 esse
1313 3443 1389 3510 puto
1405 3454 1443 3493 ac
1462 3454 1545 3495 serre

234 3537 323 3617 zedefi
359 3559 410 3596 eru
427 3538 523 3595 Vns
545 3537 763 3610 interpretatus
786 3554 853 3592 sum
873 3553 908 3592 ea
924 3544 1070 3610 tanquam
1086 3554 1129 3610 eu,
1147 3536 1303 3593 tolerabile
1322 3536 1412 3593 etlam
1430 3555 1543 3599 eorum

234 3636 451 3720 (Atierliorum)
468 3639 505 3697 ab
529 3638 680 3695 sententia
699 3637 816 3693 videtur
840 3637 999 3710 magisque
1018 3637 1130 3694 laetum
1155 3637 1196 3694 ad
1216 3636 1361 3710 regulam,
1384 3639 1409 3694 si
1430 3647 1542 3700 tamen

234 3747 272 3803 ab
295 3745 354 3801 hoc
373 3741 553 3818 pronomine
577 3739 658 3798 exiit.

332 3845 476 3901 adverbia
500 3842 541 3922 ise
559 3841 601 3898 ibi
624 3841 669 3897 vel
693 3857 739 3915 eo,
762 3837 841 3917 isont
861 3840 983 3907 ibidem,
1008 3839 1062 3896 r'tek
1085 3841 1137 3898 ita.
1171 3840 1270 3896 zirenel’
1294 3841 1424 3898 tortasse
1448 3841 1537 3913 inde,

232 3968 271 4006 an
294 3957 423 4005 erratum
447 3962 500 4020 pro
527 3938 652 4001 inemek'r
675 3943 745 3999 vide
768 3960 847 3998 enom
871 3960 928 4009 ene,
952 3959 981 4015 p.
1008 3943 1078 4001 157.

332 4153 427 4210 latino
457 4150 628 4225 pronomini
657 4149 716 4207 olla
742 4148 794 4204 illa
821 4149 1009 4222 respondent
1038 4146 1152 4204 formae
1178 4148 1291 4206 ductae
1318 4146 1357 4203 ab
1388 4166 1443 4204 ora
1477 4150 1536 4209 ula

230 4274 361 4332 paucae:
384 4252 480 4310 uroku
503 4252 536 4308 η’
554 4269 622 4307 cum
644 4250 694 4305 illa
706 4267 746 4314 re,
770 4257 908 4308 rectam
930 4267 995 4304 orer
1016 4266 1059 4303 ose
1081 4249 1217 4305 dieentes
1231 4266 1323 4324 quam
1338 4267 1396 4304 uru
1419 4260 1536 4312 contra

231 4359 279 4414 ulo
300 4363 449 4432 ponentes
474 4352 640 4428 quaesiisse
663 4352 803 4407 videntur
826 4351 910 4424 quod
938 4350 1105 4406 adsonaret
1129 4350 1221 4406 verbo
1252 4348 1349 4406 alteri.
1390 4368 1460 4408 orer
1482 4363 1535 4411 est

229 4477 299 4533 gen.
323 4458 400 4530 sing.
423 4471 515 4512 masc.
538 4460 645 4520 neutr.,
680 4471 738 4506 uru
757 4468 820 4506 non
843 4468 907 4508 acc.
932 4449 1050 4507 videtur
1074 4451 1130 4507 sed
1154 4451 1214 4508 abl.
1238 4451 1315 4523 sing.
1340 4459 1438 4510 neutr.
1468 4453 1536 4525 illo,

230 4571 262 4618 at
284 4560 334 4616 ulo
357 4565 414 4615 vet.
438 4556 491 4612 ulu
514 4554 690 4610 adverbium
713 4562 759 4609 est
781 4551 841 4607 loci
864 4552 914 4607 illo
936 4551 1015 4608 illue.
