3742 5364
656 1124 920 1185 TABVLAE
955 1127 1015 1185 111
1049 1126 1103 1186 1v

334 1315 430 1371 Poeta
455 1330 553 1387 nuper
574 1311 680 1379 Italus,
703 1329 770 1368 cum
793 1311 937 1369 Clitumni
959 1331 1066 1387 aquas
1090 1324 1211 1371 montes
1235 1315 1388 1390 silvasque
1402 1314 1540 1373 Vmbro·

232 1433 307 1482 rum,
329 1416 446 1490 priscas
469 1413 575 1469 ltaliae
599 1412 705 1469 laudes
731 1421 865 1481 caneret,
891 1413 973 1471 dulei
997 1432 1052 1471 ore
1076 1416 1154 1472 haec
1178 1415 1270 1472 verba
1295 1414 1419 1475 effudit:
1449 1416 1540 1473 salve

233 1515 357 1572 Vmbria
381 1515 482 1570 viridis
508 1522 602 1588 tuque
622 1514 688 1588 puri
712 1512 803 1570 fontis
826 1532 939 1571 numen
963 1514 1131 1584 Clitumne‚
1160 1516 1254 1572 sentit
1276 1532 1329 1572 cor
1351 1532 1458 1572 meum
1482 1534 1539 1590 pa·

233 1617 320 1674 triam
343 1617 501 1689 antiquam
523 1634 538 1670 e
559 1614 742 1689 alcggz'armi
758 1633 792 1670 su
815 1613 835 1671 l'
859 1634 955 1671 arcera
968 1615 1072 1694 fronte
1088 1615 1134 1691 gl’
1158 1617 1231 1672 itali
1248 1615 1330 1673 iddii.
1360 1614 1434 1673 mihi
1458 1634 1538 1692 quo·

232 1734 301 1791 que,
325 1717 349 1773 si
373 1716 419 1773 fas
442 1726 489 1773 est
512 1715 624 1783 dicere,
648 1715 678 1771 hi
702 1715 734 1770 di
750 1732 975 1790 saepenumero
993 1717 1177 1773 advolarunt
1199 1727 1231 1774 et
1255 1716 1373 1774 fervore
1397 1715 1538 1775 frontem

231 1826 400 1893 pectusque
422 1817 592 1884 inritatum,
617 1833 722 1872 verum
744 1816 836 1873 homo
860 1817 936 1874 citra
963 1817 1056 1893 Alpes
1078 1826 1169 1874 natus
1194 1825 1374 1892 praesentes
1399 1834 1457 1875 eos
1480 1818 1538 1875 mi·

231 1937 289 1976 uus
313 1936 404 1993 quarn
425 1917 531 1975 vellem
555 1926 699 1992 expertus
716 1935 782 1974 sum
797 1935 899 1992 neque
915 1918 1178 1993 comprehendere
1198 1918 1286 1994 potui
1304 1918 1443 1993 quamvis
1460 1936 1538 1995 cap·

233 2028 329 2078 tarem
352 2019 630 2077 circumvolitantes
653 2037 690 2075 ac
713 2018 876 2092 fugientes
903 2028 936 2076 et
959 2019 1010 2076 ubi
1026 2021 1119 2076 ardor
1134 2021 1331 2086 discesserat,
1355 2019 1450 2077 nihilo
1466 2020 1537 2095 plus

229 2121 368 2179 relictum
390 2120 451 2176 vidi
474 2138 567 2195 quam
589 2121 613 2176 si
637 2129 787 2176 nocturna
816 2129 952 2177 mentem
985 2121 1129 2178 lusissent
1153 2121 1281 2179 somnia.
1329 2120 1387 2178 sed
1410 2120 1537 2179 somnia

232 2230 336 2278 tamen
359 2231 430 2278 sunt
452 2222 545 2278 etiam
567 2220 781 2295 purgatissima
814 2221 967 2295 quaedam
1000 2230 1031 2278 et
1057 2222 1244 2279 Aristandris
1267 2219 1538 2295 Artemidorisque

233 2322 464 2380 adfirmantibus
487 2318 524 2381 rb
548 2319 605 2395 μὲν
628 2315 710 2380 εἶναι
732 2321 796 2381 τῶν
812 2316 916 2382 ὄντων
933 2317 1140 2397 σημαντικόν,
1163 2319 1201 2382 τὸ
1216 2319 1252 2382 δὲ
1269 2320 1334 2381 τῶν
1349 2315 1538 2395 μελλόντων

232 2422 381 2479 hactenus
403 2423 497 2480 fidem
519 2422 631 2487 habe0‚
652 2430 686 2479 ut
708 2423 856 2497 quidquid
879 2423 982 2480 adhuc
997 2443 1016 2481 a
1037 2425 1114 2481 veris
1129 2424 1247 2481 eventis
1271 2423 1441 2497 ritibusque
1458 2420 1538 2479 Vm·

232 2524 355 2581 brorum
378 2532 483 2581 nostra
504 2523 657 2598 expositio
675 2524 835 2590 aberravit,
860 2525 892 2581 id
909 2525 969 2581 iam
985 2526 1115 2582 sentiam
1132 2524 1248 2581 futuros
1268 2541 1338 2581 esse
1353 2521 1437 2579 brevi
1456 2530 1537 2579 tem-

233 2640 308 2697 pore
331 2625 382 2698 qui
406 2626 558 2700 corrigunt
585 2632 615 2681 et
639 2633 723 2681 certa
755 2626 874 2681 ratione
907 2625 1033 2698 exigant
1065 2633 1098 2682 et
1127 2626 1167 2681 ad
1193 2640 1344 2682 summam
1370 2621 1540 2680 adducant

234 2724 400 2783 veritatem.
445 2725 564 2801 interim
587 2743 642 2800 pro
655 2725 729 2781 virili
752 2726 893 2800 portione
915 2734 948 2782 ut
970 2744 1078 2782 munus
1097 2734 1273 2801 susceptum
1288 2724 1460 2791 absolvam,
1480 2724 1539 2779 ob·

234 2823 422 2882 scurissimas
439 2834 470 2881 et
484 2826 616 2882 maxime
633 2827 790 2899 neglectas
807 2826 925 2883 tabulas
944 2826 1104 2901 explicabo
1129 2827 1280 2883 tertiam
1298 2835 1330 2883 et
1352 2832 1538 2900 quartam.

274 3121 392 3182 Esunu
412 3117 484 3180 fuia
505 3117 623 3177 herter
646 3113 853 3197 sumelusti·
863 3137 896 3177 111
948 3121 1011 3177 Res
1020 3120 1122 3176 divina
1130 3119 1183 3178 fiat
1191 3130 1316 3196 oportet
1324 3116 1539 3200 summaltem·

232 3231 267 3285 te
290 3216 752 3299 sestentasiarulurnasiaru.
767 3218 852 3279 hun·
872 3243 883 3277 a
906 3230 1028 3297 pestate
1050 3216 1318 3300 sextantariaruml
1332 3224 1538 3287 urnariarum.

330 3426 364 3483 In
385 3426 478 3482 sacris
501 3425 548 3481 his
571 3442 651 3499 quae
676 3426 786 3482 tabulis
808 3427 929 3483 duabus
959 3426 1128 3483 incidenda
1151 3435 1296 3484 curarunt
1317 3427 1536 3501 opulentiores

233 3529 371 3586 homines
395 3536 427 3585 et
444 3527 639 3584 litteratiores
664 3526 755 3606 (tesra
779 3536 877 3586 neutr.
893 3527 968 3603 plur.
992 3545 1052 3583 non
1077 3528 1139 3585 iam
1162 3525 1264 3606 lefral,
1287 3528 1423 3585 invenies
1446 3533 1539 3604 quod

232 3646 295 3686 non
317 3629 421 3704 inepte
444 3629 669 3703 comparaveris
686 3630 815 3686 cumeis
835 3646 916 3704 quae
933 3628 1054 3685 Romae
1078 3628 1185 3686 fratres
1203 3630 1330 3688 Arvales
1353 3630 1433 3688 deae
1452 3630 1537 3690 Diae

232 3731 346 3788 faciunt
368 3748 474 3787 mense
497 3730 581 3787 Maio
604 3749 659 3805 per
682 3732 823 3789 triduom.
861 3748 934 3787 nam
953 3739 987 3787 ut
1002 3729 1107 3787 Vmbri
1130 3731 1161 3787 in
1177 3749 1259 3798 arv0,
1283 3732 1324 3788 ita
1346 3731 1386 3787 illi
1409 3739 1444 3789 ut
1459 3751 1539 3793 arva

233 3832 334 3905 fruges
360 3831 459 3888 ferant
480 3831 512 3886 in
535 3830 604 3887 luco
628 3832 707 3886 deae
723 3840 810 3888 extra
826 3832 938 3887 aedem
963 3831 1146 3900 sacrificant,
1171 3840 1205 3888 ut
1226 3831 1256 3887 hi
1279 3849 1316 3888 ex
1332 3832 1411 3888 aede
1433 3833 1467 3889 in
1486 3854 1537 3893 ar-

232 3952 312 4001 vum,
336 3950 372 3988 ex
396 3948 468 3989 arvo
491 3933 522 3989 in
545 3933 672 4001 aedem,
705 3933 748 3988 ita
774 3933 815 3988 illi
842 3933 922 3988 inter
951 3934 1143 4008 tetrastylum
1166 3942 1197 3989 et
1220 3932 1320 3990 lucum
1343 3946 1536 4007 commeant,

231 4042 265 4091 ut
287 4032 317 4089 hi
339 4050 428 4089 ovem
448 4033 642 4106 potissimum
664 4032 822 4088 immolant
838 4032 895 4088 sed
912 4032 1072 4088 masculini
1088 4034 1211 4108 generis
1227 4051 1326 4102 ovem,
1348 4032 1392 4090 ita
1411 4033 1537 4095 illorum

232 4153 318 4192 sacra
339 4153 402 4191 non
425 4142 569 4190 constant
591 4135 657 4190 sine
680 4151 760 4207 agna
783 4135 901 4208 opima;
935 4134 1084 4208 denique.
1101 4136 1212 4190 eodem
1239 4135 1290 4191 die
1317 4134 1439 4209 utrique
1471 4154 1537 4213 quo

232 4235 404 4292 huiusmodi
427 4236 519 4290 sacris
536 4245 700 4309 operantur
716 4235 836 4309 collegii
855 4236 1023 4293 antistitem
1039 4236 1212 4310 designant.
1247 4253 1434 4311 quamquam
1451 4236 1536 4299 haec

233 4335 356 4410 quidem
379 4335 573 4392 fallacissima
596 4346 642 4393 est
665 4336 868 4394 similitudinis
892 4339 1020 4411 specics,
1052 4354 1123 4393 nam
1146 4336 1278 4393 Romani
1300 4345 1371 4410 post
1393 4337 1538 4399 immota-

233 4447 296 4494 tam
319 4455 431 4512 agnam
455 4448 561 4495 creant
583 4439 634 4515 qui
660 4457 794 4496 annuum
817 4457 854 4494 ex
878 4438 1088 4495 Saturnalibus
1112 4423 1215 4513 primis
1238 4439 1269 4494 iu
1289 4436 1461 4495 Saturnalia
1485 4441 1537 4499 δεῖ

234 4540 334 4596 cunda
357 4538 563 4613 magisterium
587 4539 735 4605 obtineat,
754 4539 860 4596 Vmbri
882 4541 1054 4616 priusquam
1079 4541 1121 4596 ad
1142 4556 1228 4596 sacra
1252 4537 1397 4596 faciunda
1419 4539 1537 4617 adgre-

234 4641 368 4707 diuntur,
403 4657 508 4696 eorum
530 4640 664 4714 ipsorum
687 4660 782 4699 causa
805 4649 963 4699 auctorem
994 4641 1237 4717 magistrumque
1270 4639 1360 4695 unius
1390 4639 1453 4696 diei
1478 4644 1540 4703 sibi
1588 4690 1592 4697 .
