3742 5364
691 345 749 405 129
1277 341 1372 406 IIA16

73 533 334 610 Intellegeremus
357 531 501 605 quoniam
518 550 536 588 a
550 531 732 587 caelestibus
748 530 842 605 signis
859 540 978 589 veteres
995 541 1163 608 temporum
1180 542 1270 592 notas
1288 554 1375 610 repe·

74 637 190 693 tierunt
213 644 244 692 et
272 643 395 691 ostenta
428 634 542 716 optime
574 633 763 706 respondent
797 630 996 708 διοσημείαις
1029 644 1061 691 et
1087 634 1189 691 LatIni
1216 655 1254 692 eo
1282 638 1375 694 verbo

74 745 203 793 utuntur
224 737 266 792 ad
288 734 516 808 designandum
546 734 628 789 diem
660 729 729 809 (ubi
755 752 834 789 nona
864 753 928 792 suos
951 736 1070 792 Aurora
1096 737 1247 792 ostenderit
1275 734 1374 811 ortus),

74 839 124 895 vel
146 839 208 894 diei
231 845 349 912 partem
372 837 422 910 qui
445 852 500 909 pro
524 835 589 891 luce
612 835 684 891 solis
702 836 799 892 varias
822 834 917 892 habet
941 837 1060 910 species
1084 854 1120 893 ac
1143 831 1262 911 φάσεις
1287 838 1375 894 variis

75 939 251 996 nominibus
275 939 440 1003 discretas,
468 954 539 992 nam
561 935 704 992 horarum
727 936 901 992 observatio
929 954 998 994 sero
1021 938 1145 994 inventa
1167 945 1230 1006 est,
1255 938 1375 994 Romae

74 1049 148 1114 post
170 1040 271 1114 legem
293 1037 354 1094 XII
377 1032 506 1114 (Plinius
529 1055 557 1094 n.
582 1035 611 1093 h.
635 1034 694 1091 Vll
714 1034 798 1109 212).
843 1036 904 1092 iam
925 1037 1049 1094 memini
1073 1039 1156 1095 idem
1179 1040 1304 1094 verbum
1327 1057 1374 1094 re·

74 1140 168 1214 periri
190 1141 221 1196 in
242 1141 306 1196 iure
330 1156 417 1195 sacro
441 1138 651 1194 Romanorum
675 1135 806 1192 obstitum
829 1131 963 1210 (CIcade
979 1139 1036 1213 leg.
1051 1139 1081 1195 II
1097 1135 1150 1214 20)
1175 1139 1269 1214 idque
1293 1139 1375 1196 simi·

75 1241 145 1297 liter
174 1258 243 1297 cum
276 1240 395 1296 obstinet
427 1239 550 1294 ostendit
579 1238 725 1312 componi
757 1256 774 1294 a
808 1237 949 1296 Vahleno
981 1232 1065 1316 (eph.
1094 1258 1196 1314 gymn.
1216 1241 1317 1302 Austr.
1349 1259 1376 1300 a.

76 1344 157 1400 1861
182 1360 211 1416 p.
233 1336 267 1419 4)
301 1341 373 1415 quia
403 1341 555 1397 absonam
589 1340 702 1397 habeat
735 1341 774 1396 ab
803 1341 983 1398 obsistendo
1008 1343 1176 1402 notionem.
1220 1328 1329 1399 iersz'as
1351 1344 1377 1400 si

74 1461 140 1500 non
164 1444 250 1500 aliter
271 1461 364 1518 quam
388 1443 526 1498 uenerias
549 1442 627 1499 aeris
650 1440 679 1497 V
702 1442 783 1498 diem
807 1459 902 1499 unum
924 1461 961 1500 ac
982 1444 1165 1519 singularem
1189 1444 1371 1519 significant,

76 1564 147 1602 cum
169 1562 285 1601 summa
310 1545 370 1601 sint
392 1545 496 1601 ultIma
520 1553 551 1600 et
574 1552 711 1600 extrema
739 1541 870 1617 (summa
895 1545 976 1612 dies,
1009 1563 1161 1602 summum
1184 1546 1259 1612 diei,
1295 1563 1376 1602 sum-

75 1664 160 1702 mum
183 1654 313 1720 tempus,
337 1664 480 1720 suprema
502 1643 603 1721 hora),
626 1665 702 1701 sume
725 1647 808 1701 ustz‘te
829 1648 968 1721 proxime
985 1648 1107 1705 accedit
1129 1649 1170 1704 ad
1193 1665 1261 1704 eam
1285 1665 1377 1721 quam

76 1747 197 1804 Romae
220 1748 460 1822 pronuntiabant
483 1757 555 1803 ante
578 1748 702 1803 inventa
725 1747 836 1805 solaria
860 1755 1022 1820 supremam
1049 1753 1235 1823 tempestatem
1266 1745 1377 1822 (Varro

76 1851 95 1908 l.
114 1850 163 1909 lat.
177 1849 219 1905 VI
235 1852 264 1918 5,
289 1846 475 1904 Censorinus
491 1846 554 1922 24).
591 1856 723 1904 exeunte
747 1857 851 1905 autem
874 1850 924 1905 die
947 1850 1070 1907 infeslas
1092 1850 1228 1924 plerique
1245 1849 1372 1922 dabant,

77 1950 251 2008 Parentalia
275 1950 407 2008 Romani
429 1950 530 2006 idibus
557 1949 727 2006 Februariis
750 1950 951 2007 instituebant
973 1952 1013 2007 de
1037 1952 1164 2007 meridie
1187 1945 1265 2024 (ἀπὸ
1284 1945 1374 2024 ὥρας

76 2048 172 2126 ἕκτης
205 2051 310 2125 Lydus
333 2053 373 2108 de
396 2052 552 2107 mensibus
574 2049 619 2105 IV
643 2044 712 2128 24),
746 2049 814 2123 τοῖς
842 2048 1084 2124 κατοιχομένοις
1112 2047 1158 2125 ὡς
1185 2047 1257 2125 περὶ
1284 2046 1378 2123 ἡλίου

76 2150 203 2227 δυσμὰς
226 2148 427 2223 ἐναγίζουσιν
457 2152 621 2208 scholiasta
655 2152 808 2226 Apollonii
833 2153 904 2226 Arg.
928 2152 942 2208 Ι
963 2155 1023 2212 587
1061 2154 1202 2210 Laertius
1236 2153 1310 2210 VIII
1338 2155 1377 2212 33

76 2255 279 2330 Etymologus
301 2254 343 2313 M.
363 2273 395 2328 p.
422 2255 494 2320 468,
510 2255 550 2311 34
569 2253 606 2311 al.
651 2271 704 2327 pro
728 2255 823 2310 altera
847 2255 1010 2326 sententia,
1046 2255 1128 2311 diem
1157 2256 1260 2329 potius
1284 2271 1376 2328 quam

76 2355 169 2412 horas
191 2364 224 2412 ut
251 2356 446 2430 accipiamus
480 2371 567 2411 sacra
591 2363 673 2410 stant
701 2354 781 2412 sacta
807 2356 838 2410 in
861 2373 932 2411 aere
954 2356 997 2412 ΙΙΙ
1027 2375 1104 2412 sume
1132 2357 1215 2411 ustz'te
1244 2361 1378 2410 sestente·

74 2457 160 2511 se'aru
183 2457 348 2512 urnesz'eru
371 2473 451 2530 quae
466 2474 529 2511 non
546 2472 654 2512 vereor
669 2457 776 2530 nequIs
792 2473 905 2530 gnarus
922 2457 1148 2531 antiquitatium
1164 2456 1375 2531 pomeridiana

76 2557 197 2616 dixerit.
231 2541 347 2625 iersz'as,
371 2557 529 2630 quomodo
554 2556 681 2612 alterum
705 2559 790 2630 quod
813 2557 843 2612 in
864 2557 910 2613 his
936 2557 1012 2613 actis
1036 2559 1209 2614 nominatur
1232 2556 1373 2614 feriarum

76 2665 110 2713 et
131 2667 334 2715 conventuum
358 2665 479 2732 tempus
503 2659 695 2713 urnase'arum
718 2659 756 2714 ab
780 2659 861 2715 umIs
884 2677 921 2715 ac
943 2666 1017 2733 potu
1032 2659 1147 2715 dictum
1167 2665 1223 2727 est,
1246 2659 1288 2714 ita
1306 2659 1372 2715 illas

77 2759 258 2815 verisimile
291 2767 339 2815 est
370 2757 534 2815 cohaerere
560 2776 629 2814 cum
659 2759 816 2832 epulorum
843 2767 873 2815 et
905 2776 1002 2815 cenae
1035 2760 1187 2815 vocabulis
1220 2756 1262 2833 (V
1285 2760 1311 2816 A
1335 2762 1374 2817 22

75 2847 228 2914 iersnatur
250 2860 364 2933 epulati
388 2859 435 2914 vel
459 2859 570 2925 cenati,
604 2859 634 2914 ln
657 2858 746 2916 Oscis
770 2861 854 2915 curia
877 2861 964 2934 panis
988 2867 1019 2916 et
1040 2859 1181 2915 karenter
1202 2869 1376 2927 vescuntur,

75 2960 180 3016 Sabini
203 2978 337 3017 cererem
359 2978 471 3034 panem
497 2961 670 3034 appellasse
694 2961 831 3018 feruntur
863 2962 945 3035 apud
968 2961 1105 3017 Servium
1127 2961 1218 3035 Verg.
1241 2979 1270 3035 g.
1294 2961 1309 3017 I
1334 2955 1376 3039 7).

75 3061 233 3135 epularum
255 3069 287 3118 et
310 3080 378 3118 cum
401 3062 489 3118 fastis
517 3062 646 3135 publicis
673 3071 705 3118 et
733 3080 801 3119 cum
834 3062 957 3136 privatis
985 3063 1079 3120 sacris
1113 3063 1374 3120 necessitudinem

75 3164 150 3220 satis
173 3163 371 3230 manifestant
394 3162 475 3218 Iovis
501 3163 624 3236 epulum
647 3163 748 3220 idibus
782 3164 968 3220 celebratum
991 3163 1214 3221 Novembribus
1239 3182 1275 3220 ac
1301 3163 1376 3238 Sep·

75 3265 242 3321 tembribus
275 3272 306 3320 et
339 3281 405 3320 mos
440 3259 609 3320 communis
641 3264 850 3339 conlegiorum
878 3274 909 3320 et
930 3261 1118 3339 περίδειπνα
1142 3267 1188 3322 vel
1211 3265 1372 3322 silicernia.

72 3350 203 3420 iersiuru
222 3382 334 3421 nomen
351 3365 521 3438 explicatur
535 3373 568 3420 et
583 3365 848 3433 circumscribitur,
864 3383 904 3421 ne
920 3367 1021 3439 plures
1038 3383 1137 3439 aequo
1154 3366 1220 3421 dies
1237 3366 1379 3423 videatur

76 3467 233 3523 continere
250 3466 403 3540 latiusque
420 3468 616 3533 extendatur,
640 3469 764 3524 adiecto
781 3474 865 3523 anter
880 3485 1016 3523 menzeru
1034 3469 1118 3542 quod
1132 3467 1317 3524 coniunctim
1334 3467 1376 3522 le·

75 3570 212 3644 gendum
233 3577 281 3625 est
305 3568 426 3641 etquid
449 3568 549 3624 valeat
564 3569 768 3642 colligendum
784 3588 823 3625 ex
841 3570 972 3626 adsimili
990 3586 1070 3642 quae
1088 3568 1280 3642 subsequitur
1300 3576 1376 3623 tem·

75 3671 156 3744 pons
178 3671 338 3726 notatione
361 3687 475 3724 menane
497 3655 660 3729 turilase'u.
696 3671 832 3728 mirabile
855 3688 931 3726 sane
954 3679 1002 3727 est
1019 3672 1129 3727 doctos
1153 3687 1272 3726 errasse
1295 3670 1376 3724 inre

77 3771 158 3827 clara
180 3778 212 3826 et
233 3780 349 3844 aperta,
384 3789 475 3827 nemo
499 3780 603 3827 tamen
625 3771 726 3828 adhuc
748 3771 902 3846 perspexit
924 3788 1038 3827 nomen
1060 3770 1133 3826 illud
1157 3787 1226 3845 esse
1248 3770 1373 3844 mensis

77 3889 153 3944 quas
176 3873 307 3927 enimin
332 3880 434 3944 partes
459 3872 548 3928 lunae
573 3889 663 3927 cursu
686 3891 785 3928 annus
809 3861 966 3938 dividitur,
988 3887 1117 3938 menses
1145 3878 1216 3927 sunt
1248 3870 1376 3936 Latinis,

75 3973 230 4028 mensines
252 3972 465 4028 mensionesve
489 3972 614 4040 Italicis
639 3981 722 4029 certe
740 3972 868 4029 Sabellis
887 3982 918 4027 et
929 3972 1060 4031 Vmbris.
1096 3990 1169 4027 nam
1193 3972 1270 4028 tituli
1294 3971 1378 4027 Ami·

77 4074 186 4130 ternini
208 4076 342 4148 expressi
368 4076 407 4130 ab
431 4075 537 4134 Ariod.
561 4075 719 4131 Fabrettio
742 4075 847 4131 tabula
868 4073 986 4132 XLVII
1008 4091 1036 4131 n.
1056 4074 1138 4132 2737
1161 4073 1259 4147 prima
1282 4074 1374 4128 verba

77 4194 183 4231 mesene
196 4175 312 4249 flusare
335 4177 401 4251 quis
425 4194 517 4233 sanus
542 4176 696 4233 dubitabit
711 4177 784 4251 quin
808 4184 1013 4232 transversum
1036 4191 1168 4249 unguem
1188 4191 1251 4230 non
1274 4175 1375 4231 disce·

77 4278 153 4333 dant
175 4278 214 4332 ab
234 4276 291 4333 illis
315 4295 394 4351 quae
411 4281 504 4335 etiam
522 4260 622 4336 latina
649 4280 695 4335 lex
712 4279 868 4336 Furfensis
877 4276 958 4336 CIL.
972 4277 987 4333 I
1003 4279 1064 4336 603
1088 4276 1218 4334 servavit
1235 4284 1373 4332 vetustae

76 4379 231 4451 religionis
260 4397 353 4436 causa
384 4399 475 4436 mense
490 4377 624 4455 flectere?
659 4380 762 4438 Sabini
786 4400 804 4435 n
827 4375 935 4436 antes
958 4379 1180 4445 subduxerunt,
1214 4375 1319 4433 Vmbri
1343 4385 1373 4431 et

75 4497 285 4554 compressere
308 4480 438 4554 syllabas
461 4481 546 4536 utin
569 4499 670 4536 nomne
692 4489 723 4536 et
746 4500 764 4536 e
786 4480 883 4537 nasali
899 4480 1067 4537 molliorem
1089 4478 1281 4554 protulerunt
1302 4476 1372 4532 sibi·

76 4581 136 4637 lum
158 4589 190 4636 ut
212 4581 242 4636 in
266 4579 428 4636 anzeriatu.
474 4582 535 4636 iam
560 4597 627 4636 cum
644 4585 869 4636 antermenzaru
885 4589 917 4637 et
931 4597 1047 4637 menane
1069 4588 1199 4636 naturae
1214 4578 1281 4650 lege
1295 4577 1373 4632 inter

75 4699 110 4737 se
133 4689 277 4737 conserta
302 4681 378 4748 sint,
412 4689 520 4737 contra
543 4682 682 4736 eveniSse
706 4682 791 4737 vides
816 4685 845 4737 in
869 4682 1042 4756 composito
1070 4691 1161 4754 atque
1191 4681 1221 4737 in
1251 4676 1379 4749 simplici

1161 4773 1179 4824 a
