3742 5364
230 355 305 416 11n9
853 353 914 412 144

228 536 392 600 sevakne.
435 534 509 597 heri
530 534 613 616 puni
636 535 646 607 l
668 533 742 597 heri
764 533 845 595 vinu
863 562 884 599 ιο
898 538 990 593 bilem
1005 537 1147 596 hostiam.
1183 538 1231 595 vel
1247 555 1345 613 posca
1362 534 1372 607 l
1387 539 1438 594 vel
1454 535 1532 594 vino

229 636 311 701 fetu.
347 646 479 717 vaputu
503 625 582 699 Sasi
606 642 756 715 ampetu.
789 635 851 696 ka·
903 637 1006 695 facito
1038 647 1106 696 tura
1128 638 1239 696 Sancio
1262 639 1447 715 impendito.
1480 654 1536 695 ca·

229 759 295 820 pru
334 735 489 818 perakne
527 734 701 817 sevalkne
744 745 851 816 upetu
902 757 988 813 prum
1011 741 1175 814 agonalem
1193 733 1398 817 sollemlnem
1421 745 1535 813 optato

230 838 368 904 eveietu
405 846 538 901 naratu.
591 830 666 898 sive
701 848 851 918 ampetu,
904 842 1036 898 evincito
1050 850 1186 900 narrato.
1209 842 1331 899 citerius
1343 838 1534 916 impendito,

230 1047 340 1122 dignus
364 1054 412 1103 est
434 1047 475 1104 ad
497 1046 627 1102 deorum
661 1063 840 1120 ararumque
874 1046 1007 1103 honores
1041 1048 1093 1121 qui
1127 1054 1225 1104 certet
1254 1064 1324 1104 cum
1347 1040 1476 1102 Baccho
1499 1048 1537 1099 et

230 1149 331 1204 vinum
353 1163 538 1221 generosum
562 1147 728 1220 adaequet.
773 1165 873 1221 neque
897 1166 968 1204 vero
993 1148 1039 1205 lac
1062 1148 1188 1223 accipio,
1219 1164 1292 1205 nam
1322 1164 1392 1204 cum
1416 1142 1536 1201 Graeci

231 1248 393 1321 Latinique
415 1246 475 1304 hoc
496 1263 611 1302 nomen
634 1247 753 1320 utrique
776 1257 913 1314 teneant,
936 1249 996 1305 alio
1019 1256 1052 1305 ut
1069 1266 1142 1306 usos
1155 1265 1224 1305 esse
1240 1246 1375 1305 Vmbros
1398 1245 1532 1304 credam

230 1349 314 1406 haud
336 1347 426 1405 facile
449 1348 600 1405 adducor.
636 1347 698 1403 veri
721 1349 844 1404 similius
861 1350 980 1406 videtur
996 1351 1081 1424 quod
1103 1348 1277 1407 Huscbkius
1300 1346 1431 1423 sumpsit
1452 1344 1536 1401 mul·

231 1468 298 1507 sum
320 1450 449 1506 indicari
472 1458 526 1507 aut
548 1449 675 1523 aliquod
698 1449 785 1505 diluti
808 1450 946 1506 ficticiive
970 1452 1029 1507 vini
1061 1468 1159 1525 genus
1187 1449 1287 1525 qualia
1310 1448 1426 1505 Plinius
1452 1446 1535 1505 libro

230 1551 303 1612 XIV
325 1551 452 1626 plurima
476 1558 644 1608 enumerat.
669 1551 711 1606 ita
734 1552 815 1607 enim
837 1570 919 1626 pone
935 1560 968 1609 et
984 1553 1085 1609 vinum
1106 1568 1207 1628 paene
1229 1550 1302 1608 nihil
1326 1550 1447 1607 distant
1471 1564 1536 1605 nec

230 1652 373 1709 miramur
394 1652 479 1726 quod
501 1651 630 1708 alterurn
648 1651 744 1708 altero
766 1654 931 1727 permutari
955 1653 1038 1710 licuit
1052 1648 1099 1728 (L.
1116 1651 1255 1728 Papirius
1278 1653 1426 1710 adversus
1443 1648 1537 1707 Sam-

230 1753 310 1810 nites
332 1753 529 1810 dimicaturus
551 1752 616 1810 lovi
638 1754 729 1823 vovit,
764 1755 789 1810 si
813 1754 942 1812 Plinium
965 1754 1037 1812 XIV
1054 1758 1091 1814 91
1118 1755 1217 1823 audis,
1238 1755 1382 1830 pocillum
1403 1752 1485 1821 vini,
1510 1752 1537 1809 si

231 1855 348 1911 Livium
362 1855 390 1911 X
407 1855 459 1926 42,
481 1854 626 1928 pocillum
641 1852 756 1929 mulsi),
780 1873 883 1930 neque
905 1875 923 1913 a
944 1857 1025 1912 vitae
1049 1857 1274 1913 consuetudine
1297 1872 1399 1930 neque
1417 1869 1438 1909 a
1459 1852 1536 1911 reli·

230 1957 323 2029 gione
347 1957 492 2013 Italorum
516 1972 633 2012 merum
655 1957 781 2012 mixtum
804 1974 884 2030 aqua
907 1966 958 2013 aut
980 1957 1070 2013 melle
1093 1957 1252 2025 abhorret,
1280 1966 1312 2013 et
1341 1956 1409 2013 eius
1439 1955 1533 2013 modi

231 2058 359 2113 mixtura
382 2074 443 2132 quo
466 2059 562 2115 modo
584 2075 747 2115 commune
769 2059 903 2134 potionis
938 2076 1051 2116 nomen
1081 2067 1228 2133 tanquam
1255 2057 1413 2134 proprium
1435 2072 1536 2113 occu·

230 2175 304 2231 pare
326 2160 459 2232 potuerit
480 2159 564 2216 latini
587 2160 735 2216 sermonis
759 2160 859 2234 aliquo
895 2161 1035 2234 exemplo
1058 2162 1214 2220 docemur.
1261 2178 1334 2216 nam
1356 2176 1427 2216 cum
1449 2157 1535 2213 anii-

233 2261 333 2333 quitus
355 2277 483 2334 poscam
507 2261 728 2336 appellaverint
750 2262 898 2335 quidquid
920 2269 1077 2336 potaretur
1107 2263 1151 2318 sic
1173 2270 1205 2319 ut
1226 2278 1332 2318 escam
1354 2260 1440 2335 quod
1461 2258 1534 2315 esui

233 2370 317 2417 esset
339 2362 488 2437 milesque
510 2361 667 2420 Plautinus
700 2364 828 2420 holerum
852 2369 936 2437 nique
959 2382 1088 2419 escarum
1117 2369 1144 2419 et
1160 2371 1319 2436 porcarum
1348 2360 1456 2435 copias
1490 2359 1536 2416 ad

233 2463 424 2520 meretricem
447 2464 567 2521 delatas
590 2465 745 2522 cavilletur
766 2462 854 2540 (truc.
878 2465 908 2521 H
926 2468 953 2531 7,
966 2459 1030 2541 48),
1050 2473 1160 2540 postea
1182 2481 1274 2521 unam
1294 2462 1452 2536 quandam
1474 2477 1536 2533 po-

234 2566 358 2631 lionem,
381 2565 406 2620 si
428 2582 526 2639 aquae
549 2575 670 2623 acetum
685 2568 732 2623 vel
748 2586 846 2642 vappa
869 2566 1081 2623 infunderetur
1104 2575 1135 2624 et
1156 2561 1334 2640 ὀξύκρατον
1356 2562 1453 2627 fieret.
1477 2559 1534 2617 illo

233 2666 357 2722 nomine
381 2667 536 2741 designari
559 2668 736 2736 voluerunt,
760 2679 793 2725 ut
815 2646 987 2725 medicinae
1010 2669 1174 2743 scriptores
1198 2667 1248 2742 qui
1271 2665 1364 2722 etiam
1386 2661 1536 2737 frigidam

233 2784 360 2841 poscam
382 2770 555 2824 memorant
581 2765 703 2844 (Celsus
727 2769 802 2828 1v5
825 2767 977 2844 extremo)
992 2777 1024 2826 et
1041 2770 1092 2825 alii
1115 2776 1275 2826 testantur.
1316 2763 1449 2831 calidam
1467 2762 1535 2819 Ro-

233 2885 303 2923 mae
325 2876 357 2923 et
379 2867 509 2925 Athenis
531 2871 670 2943 praeberi
692 2872 811 2927 solitam
835 2889 904 2927 esse
936 2871 1116 2928 cenantibus
1145 2870 1301 2944 potionem
1324 2864 1398 2922 satis
1420 2871 1536 2921 notum

233 2975 290 3037 est,
313 2969 407 3025 sacris
430 2972 563 3027 eandem
587 2972 730 3028 usitatam
750 2973 851 3028 vidisti
873 2973 904 3029 in
928 2973 1016 3029 titulo
1039 2989 1167 3029 romano
1183 2988 1212 3045 p.
1229 2972 1278 3038 33,
1302 2968 1434 3026 fortasse
1455 2965 1537 3023 nihil

233 3069 317 3124 aliud
331 3077 410 3142 pone
431 3080 487 3131 est.

335 3172 374 3228 10
407 3179 516 3247 vapula
538 3192 651 3231 nomen
675 3193 749 3233 casu
773 3185 882 3251 quarto
901 3177 977 3250 sing.
995 3176 1020 3230 si
1036 3175 1182 3250 deposuit
1203 3192 1229 3230 m
1251 3174 1390 3240 litteram,
1415 3170 1496 3245 plur.
1510 3170 1538 3227 si

234 3270 421 3327 declinatum
444 3282 491 3329 est
514 3283 546 3330 ut
569 3276 677 3334 verklu.
721 3276 797 3333 infra
820 3278 871 3333 ubi
893 3277 1020 3350 legimus
1044 3280 1152 3349 arapulu
1174 3261 1246 3331 sah·
1260 3272 1453 3348 prepesm'mu,
1478 3272 1537 3329 ab·

233 3373 358 3428 lativum
379 3381 412 3428 ut
435 3391 639 3446 agnoscamus
663 3377 745 3432 verbi
778 3378 921 3451 simplicis
956 3376 1099 3450 frequens
1123 3384 1274 3432 structura
1307 3368 1429 3453 (ueskler
1443 3380 1537 3445 pers·

183 3538 186 3543 .
233 3474 330 3530 nz'hmu
354 3469 402 3550 al.)
426 3483 457 3530 et
479 3476 573 3533 latina
595 3477 728 3534 elocutio
745 3475 823 3550 (verro
839 3477 1042 3555 praefamine)
1063 3477 1165 3536 eflicit.
1200 3477 1347 3551 pluralem
1370 3490 1536 3531 numerum

233 3594 336 3633 versus
361 3579 398 3635 13
421 3577 515 3634 babet
539 3580 589 3635 ubi
613 3581 832 3637 succidaneum
866 3598 984 3636 sacrum
1011 3580 1125 3652 uaputz's
1152 3579 1323 3653 eduliisque
1351 3575 1537 3635 faciundum

232 3686 427 3734 memoratur.
472 3678 598 3736 forsitan
622 3657 725 3755 vapos
741 3699 779 3738 ea
806 3682 991 3755 cognatione
1021 3681 1080 3736 hoc
1103 3679 1287 3737 vocabulum
1315 3678 1448 3751 attingat
1470 3694 1537 3752 qua

233 3780 324 3836 arbos
348 3781 469 3846 arbuta,
504 3798 564 3837 nec
586 3783 665 3838 male
690 3792 757 3839 tura
778 3792 830 3839 aut
853 3783 929 3838 alios
953 3782 1003 3856 qui
1026 3781 1110 3838 fumo
1140 3800 1223 3839 aram
1247 3781 1392 3855 impleant
1413 3778 1535 3836 odores

233 3880 456 3955 intellegemus,
481 3899 553 3938 nam
576 3891 607 3940 ut
629 3891 738 3957 vapula
761 3884 793 3940 fit
816 3883 916 3940 Sanco
942 3884 1022 3957 prius
1039 3900 1131 3957 quam
1147 3892 1178 3939 et
1193 3881 1368 3939 immoletur
1389 3896 1487 3953 caper
1503 3886 1538 3937 et

233 3990 305 4038 exta
328 3982 393 4038 eius
414 3983 622 4056 porriciantur,
645 3986 688 4042 ita
711 3986 843 4042 Romani
867 3987 928 4041 deo
952 3992 1116 4058 operantes
1139 3984 1317 4058 praefantur
1338 3990 1405 4037 ture
1433 3972 1537 4059 (Cato

234 4092 306 4142 rust.
333 4074 416 4159 134).
460 4101 556 4160 saepe
578 4097 692 4161 poetae
714 4105 860 4162 vaporem
883 4103 938 4160 pro
961 4087 1089 4142 incenso
1113 4095 1144 4142 et
1167 4092 1352 4160 vaporantes
1374 4082 1405 4138 in
1427 4099 1461 4139 re
1487 4083 1536 4141 di·
1624 4088 1627 4093 ’

234 4183 302 4240 vina
325 4181 489 4257 appellant,
514 4182 696 4260 Calpurnius
719 4181 830 4259 ‘saepe
847 4193 995 4258 vaporato
1014 4185 1087 4240 mihi
1104 4186 1240 4260 caespite
1256 4183 1386 4258 palpitat
1407 4177 1537 4256 agnus’.

336 4288 373 4342 11
406 4284 464 4341 alio
488 4284 557 4342 loco
574 4305 667 4363 caper
682 4287 839 4355 immolari,
864 4286 924 4342 alio
939 4287 1050 4360 porrici
1065 4287 1196 4345 iubetur.
1234 4293 1265 4341 et
1288 4282 1450 4359 porricitur
1464 4284 1537 4358 qui·

234 4387 306 4442 dem
318 4385 440 4464 sesnere
461 4399 512 4447 aut
535 4398 568 4446 ut
592 4408 618 4449 v,
636 4392 674 4448 16
699 4392 845 4465 scriptum
866 4397 914 4445 est
937 4406 1005 4444 cum
1028 4389 1174 4444 sacerdos
1195 4385 1319 4465 fisnofe
1340 4384 1476 4454 venerit,
1502 4386 1537 4443 in

234 4497 348 4571 templo
372 4494 418 4551 vel
442 4492 524 4550 fano,
569 4492 674 4552 Vmbri
695 4491 785 4566 igitur
805 4490 912 4564 plurali
940 4507 1067 4545 numero
1091 4490 1202 4545 aedem
1225 4505 1343 4545 sacram
1366 4485 1536 4555 notabant,

234 4615 303 4653 cum
326 4595 436 4653 Sabelli
470 4612 507 4652 ac
541 4593 692 4649 Samnites
729 4591 873 4666 singulari
897 4599 1064 4649 uterentur.
1116 4590 1148 4645 in
1170 4589 1247 4646 valle
1269 4586 1376 4644 Aterni
1397 4584 1539 4645 fluminis

235 4699 297 4755 duo
321 4699 374 4754 viri
395 4695 520 4752 Herculi
530 4694 613 4771 sesn.
639 4700 784 4767 upsaseter
804 4694 943 4749 corradens
965 4691 1069 4748 fanum
1086 4690 1264 4747 faciundum
1281 4695 1422 4745 curarunt
1438 4681 1540 4766 (mus.
