3742 5364
695 350 754 407 193

175 638 228 688 este
252 632 343 700 istud,
368 634 490 690 evanuit
513 633 628 689 finitiva
651 633 751 689 neutri
778 633 884 690 littera.
909 639 967 689 estu
990 633 1021 689 id
1045 642 1091 689 est
1114 639 1169 689 esto
1193 633 1291 692 istum.
1319 639 1373 690 esto

72 735 159 804 istos
182 736 296 792 omissa
319 734 411 814 ests.
455 741 513 791 estu
536 736 595 791 ista
616 735 690 808 plur.
713 736 819 808 neutri,
842 736 962 791 transiit
987 753 1005 790 α
1027 736 1059 791 in
1078 751 1103 793 0.
1148 737 1205 791 istu
1227 754 1256 810 p.
1283 735 1349 795 176.

175 935 222 992 hic
246 936 322 993 haec
343 935 402 991 hoc
425 953 497 992 osce
521 936 572 992 eka
594 944 625 992 et
647 935 721 1004 elesa,
746 936 881 993 umbrica
904 955 950 992 esa
974 955 1049 994 voce
1072 938 1261 1012 designatur.

174 1036 234 1093 hoc
257 1054 376 1094 sacrum
400 1035 507 1092 esumek
531 1055 628 1103 aranu,
652 1036 684 1091 in
707 1035 768 1092 hoc
790 1053 908 1092 sacrum
930 1055 1018 1092 esame
1041 1055 1134 1096 erano:
1158 1057 1186 1112 p.
1211 1041 1259 1097 82.

174 1137 244 1193 huic
268 1155 362 1196 masc.
386 1157 455 1194 esme
478 1138 566 1196 esmez’.
612 1138 678 1194 sine
700 1137 794 1194 dubio
817 1136 889 1194 huic
912 1137 1022 1194 dicitur
1047 1156 1106 1195 nec
1136 1140 1236 1213 potuit
1259 1141 1320 1196 dici
1345 1141 1372 1197 ei

74 1238 208 1297 VIB55
230 1248 260 1296 et
283 1238 409 1299 V1A5.
454 1239 553 1295 erari-k
577 1239 682 1297 1A28
707 1241 744 1298 31
769 1247 871 1313 potest
895 1258 962 1297 esse
985 1241 1030 1308 ei,
1057 1242 1148 1297 immo
1182 1240 1258 1296 haec
1281 1241 1372 1298 inter-

73 1342 205 1417 pretatio
230 1341 360 1397 sermoni
380 1341 454 1414 legis
478 1341 569 1398 etiam
592 1343 688 1414 magis
717 1341 834 1398 videtur
864 1343 1035 1399 convenire.
1084 1343 1189 1416 itaque
1211 1352 1265 1398 aut
1288 1361 1371 1399 com·

73 1442 173 1498 munis
196 1441 245 1498 hic
268 1459 357 1498 casus
380 1440 434 1497 fuit
456 1442 687 1515 pronominibus
711 1442 847 1516 quamvis
872 1441 1011 1498 discretis
1034 1460 1071 1499 ac
1086 1443 1211 1519 dissitis,
1235 1452 1287 1500 aut
1302 1462 1371 1500 cum

74 1542 221 1615 originem
245 1542 368 1599 traxerit
389 1543 427 1598 ab
450 1543 464 1597 ι’
482 1551 516 1598 ut
532 1551 633 1615 pusme
655 1561 673 1598 a
688 1551 736 1615 po,
760 1562 816 1599 usu
840 1543 1010 1600 adtributus
1034 1551 1081 1600 est
1104 1562 1146 1599 eso
1167 1546 1348 1618 pronomini.

175 1661 245 1699 cum
269 1643 329 1700 hoc
352 1643 449 1711 esukn,
472 1642 531 1699 hac
555 1661 609 1700 esa.

174 1744 219 1800 his
244 1746 303 1800 esz'r
327 1745 388 1802 ztir.

175 1847 205 1902 in
228 1846 403 1903 adverbium
427 1846 501 1902 abiit
523 1864 567 1901 eso
590 1846 630 1901 z'so
652 1853 709 1903 vet.
726 1864 783 1912 esu,
806 1863 863 1900 erac
885 1845 956 1900 risos
978 1854 1034 1902 vet.
1054 1844 1117 1901 esuk
1138 1845 1190 1902 sic.
1213 1846 1371 1904 imminuta

74 1949 171 2004 vocali
192 1948 239 2003 bis
261 1949 406 2022 scriptum
429 1956 474 2004 est
495 1948 551 2002 z’sek
576 1949 639 2014 r'sec,
663 1948 747 2022 quod
763 1947 803 2003 ad
820 1946 869 2004 iat.
890 1946 1024 2003 similiter
1045 1963 1135 2019 quarn
1152 1946 1192 2002 ad
1212 1945 1311 2020 ipsum
1328 1948 1372 2003 sic

74 2050 199 2124 propius
223 2050 372 2106 accedere
394 2050 518 2117 sentias,
542 2051 567 2104 si
590 2049 745 2106 distinctio
769 2049 896 2122 placeat.

175 2130 384 2224 compositum
395 2151 490 2205 tir-unt
500 2150 543 2206 sic
556 2151 637 2218 item,
661 2150 777 2206 itidem.
794 2148 852 2204 hoc
868 2156 926 2207 vet.
943 2157 1068 2205 utuntur
1085 2150 1115 2204 in
1132 2150 1370 2217 transitionibus,

74 2269 135 2308 rec.
160 2269 222 2307 non
245 2260 369 2307 utuntur
391 2253 444 2308 sed
469 2253 499 2307 in
523 2253 621 2308 locum
646 2252 709 2308 eius
734 2251 918 2306 suffecerunt
941 2268 976 2306 ex
998 2252 1057 2308 alia
1078 2253 1172 2325 stirpe
1192 2251 1371 2325 particulam

73 2372 166 2409 rurur
186 2371 275 2409 suror
290 2363 343 2409 aut
359 2355 482 2410 adiecto
500 2355 637 2410 auctario
653 2357 758 2408 rurant
775 2357 919 2407 rururonl
938 2370 1057 2419 sururo,
1081 2353 1121 2409 de
1132 2369 1193 2426 qua
1207 2353 1269 2408 dixi
1282 2372 1311 2426 p.
1323 2356 1371 2411 85.

177 2452 250 2530 esus,
273 2472 345 2511 osce
368 2453 439 2533 esus
453 2451 540 2530 esras,
571 2472 652 2512 nom.
671 2454 746 2528 sing.
765 2470 859 2510 masc.
884 2448 983 2525 αὐτὸς
1005 2454 1080 2527 ipse,
1104 2471 1133 2527 p.
1149 2455 1219 2520 138,
1244 2454 1373 2512 fortasse

75 2567 174 2614 ortum
199 2576 235 2613 ex
258 2563 390 2624 es-unt·s‚
414 2556 452 2615 cf.
475 2555 637 2631 τῶνδεων,
674 2574 729 2631 pro
752 2573 834 2613 nom.
864 2573 925 2610 esus
947 2563 1001 2611 aut
1028 2556 1108 2611 adeo
1137 2556 1280 2629 triplicis
1303 2575 1374 2632 sup·

74 2661 209 2734 positum
231 2666 328 2733 putat
344 2658 409 2714 Leo
434 2675 512 2714 mus.
530 2657 611 2716 rhen.
627 2655 793 2713 XXXVIII
815 2675 845 2730 p.
860 2658 887 2714 7.

175 2861 226 2934 qui
249 2857 287 2933 ὃς
306 2861 362 2934 poi
375 2870 431 2934 poe
447 2860 523 2933 poet}
545 2853 646 2933 ὅςπερ
664 2869 749 2932 porse
767 2860 855 2932 porri
861 2860 962 2932 persei
979 2859 1012 2914 id
1026 2869 1072 2915 est
1076 2863 1174 2933 pade.
1191 2864 1276 2935 quod
1281 2867 1370 2935 pade.

175 2962 247 3035 quoi
268 2979 362 3020 masc.
380 2970 490 3034 pusme.

175 3080 236 3137 quo
252 3065 331 3136 pade
352 3061 463 3129 Vnt,
486 3061 544 3116 nisi
565 3078 613 3116 me
637 3059 740 3116 omnia
763 3059 878 3115 fallunt.
910 3059 958 3114 via
980 3076 1041 3132 qua
1065 3060 1115 3115 via
1133 3070 1221 3134 poro,
1246 3078 1371 3135 compo-

75 3165 165 3221 situm
187 3165 248 3221 hoc
270 3172 304 3221 ut
327 3181 400 3220 osca
416 3163 533 3237 por'zad
544 3162 659 3235 pallad
682 3179 808 3235 quorum
838 3161 933 3217 instar
955 3159 1070 3216 Latinis
1099 3161 1172 3218 nihil
1195 3171 1256 3231 est,
1282 3165 1372 3219 inter·

74 3267 185 3339 pretari
207 3267 287 3322 enim
306 3272 429 3338 oportet
452 3280 519 3338 qua.

175 3367 226 3441 qui
247 3363 276 3426 οἳ
293 3375 384 3439 pur-e
401 3365 483 3437 puri,
507 3358 598 3437 οἵπερ
614 3363 720 3436 porsez'
732 3363 824 3437 parsi.
863 3379 941 3436 quae
964 3357 984 3438 ᾃ
1001 3361 1244 3435 pascvrano,
1269 3373 1302 3421 ut
1319 3383 1373 3440 ap-

74 3476 180 3542 pareat
203 3466 261 3522 hac
284 3466 457 3541 appendice
480 3473 624 3538 quattuor
659 3473 711 3521 aut
744 3465 873 3539 plurium
896 3479 1024 3519 casuum
1047 3463 1277 3520 terminati0nes
1302 3483 1372 3521 esse

75 3569 229 3626 confusas.

174 3686 248 3744 quas
264 3664 362 3743 pas-e.
387 3685 474 3743 quos
491 3669 562 3742 quia
572 3667 647 3747 puse
659 3666 835 3724 adverbium
852 3665 910 3722 loci
927 3675 1002 3734 erat,
1020 3668 1195 3742 suppletum
1211 3676 1258 3724 cst
1275 3687 1311 3724 ex
1321 3671 1372 3743 pi·

74 3788 160 3845 pron,
184 3770 400 3828 declinatione.

175 3871 321 3927 adverbia
344 3879 395 3927 aut
418 3872 650 3928 coniunctiones
668 3869 743 3949 prise
764 3869 828 3938 ubi,
846 3878 905 3942 pne
928 3886 1000 3943 quo,
1021 3877 1103 3941 saepo
1127 3865 1213 3941 (osce
1234 3866 1371 3945 svaepod)

75 3972 138 4028 sive
161 3967 234 4040 εἴτε,
252 3981 357 4045 pumpe
382 3989 546 4047 quomque,
571 3973 676 4044 arnr'po
700 3963 813 4045 quoad,
835 3978 909 4044 pone
925 3979 1022 4044 ponne
1037 3988 1140 4044 quom,
1160 3978 1254 4042 prepa
1278 3973 1373 4045 prius·

75 4091 181 4147 quam,
198 4083 279 4147 pane
301 4075 434 4148 quande,
451 4075 586 4147 ponuper'
606 4074 804 4148 quandoque,
825 4080 902 4146 pure
916 4074 1005 4145 pasci
1018 4073 1093 4145 pusi
1111 4079 1153 4128 ut.

168 4181 264 4248 panta
287 4184 440 4249 quantam,
464 4176 633 4249 respondet
655 4179 760 4232 etanta.

167 4281 304 4348 putrespe
325 4277 492 4349 utriusque.
523 4275 728 4349 seipodrulrpez‘
747 4282 879 4350 utroque
902 4292 1031 4332 versum.

176 4472 241 4546 quis
268 4466 359 4545 ὅστις
388 4467 435 4544 τὶς
463 4472 534 4545 petz}
565 4472 645 4527 velut
672 4473 741 4544 pisi
760 4472 872 4534 herieri.
929 4474 985 4529 sed
1016 4475 1046 4531 in
1074 4472 1251 4546 compositis
1278 4469 1378 4543 pr'slrer
1450 4516 1456 4530 .

75 4575 181 4648 quivis
199 4562 292 4647 pareri
312 4575 447 4648 quisquis
465 4581 511 4629 est
528 4571 704 4644 colligatum
720 4591 774 4647 per
790 4576 925 4643 enclisin,
948 4578 1042 4653 saepis
1063 4573 1141 4645 ropr'r
1164 4573 1267 4646 siquis,
1303 4573 1384 4642 quid

67 4675 140 4748 pr'rii
151 4677 221 4748 prise
237 4678 318 4748 pede,
335 4675 418 4747 pirri
428 4675 509 4747 pirre
525 4673 613 4746 persi
626 4674 728 4746 persei
745 4683 840 4747 perse.

1206 4767 1240 4817 ib
