3742 5364
695 313 753 374 201
858 245 865 292 l

170 509 243 578 pert
262 513 345 560 trans
369 502 451 558 ultra
496 497 612 575 πέρανε
642 505 712 573 pert
731 499 827 573 rpr'nie
860 516 896 554 ex
928 507 1014 573 parte
1038 500 1144 575 spinae
1174 498 1278 568 altera,
1312 516 1384 556 osce

68 611 139 680 pert
161 607 246 662 utone.
295 604 365 660 hinc
383 602 493 658 erravit
508 602 538 656 in
556 601 712 674 superiore
731 618 817 656 versu
842 601 974 657 aerarius
991 602 1166 677 insculpens
1180 600 1386 674 Pele·nne‘epert

73 708 174 762 nnlz'ne
196 706 265 763 ΙΙΑ
285 706 334 773 35,
370 705 427 760 etsi
451 703 609 758 fluctuavit
632 701 751 777 species
774 702 1006 775 praepositionis
1030 680 1109 758 inter
1123 703 1265 777 Apuliam
1287 696 1377 776 (peli-

81 813 184 881 ropert
204 809 327 882 quater)
352 814 384 861 et
406 803 563 860 Vmbriam
586 797 705 877 (trehper
728 799 796 876 ter).

173 918 230 982 pro
257 925 312 982 pro
337 906 482 962 cohaeret
499 903 613 961 verbis:
637 908 782 976 presesete
804 910 862 960 vet.
878 891 1029 976 pruseieln
1050 912 1207 977 prosecta,
1225 913 1377 977 precanu-

75 1017 144 1066 renl
162 1019 195 1066 ut
216 1007 383 1084 profantes.
436 1004 568 1063 ablativo
591 1003 784 1061 subiunctum
808 1012 854 1060 est
877 1002 907 1059 in
929 1004 1010 1077 e'eprn
1034 1013 1105 1061 ante
1129 1023 1175 1073 ea,
1210 1004 1379 1079 praecessit

68 1117 189 1185 prestre.

173 1220 241 1286 pur
262 1210 294 1266 in
316 1226 376 1265 uno
401 1207 492 1264 verbo
508 1206 627 1281 purtz‘tu
643 1206 795 1280 punde'lem
818 1213 852 1262 ut
873 1214 1050 1280 portentum
1069 1215 1251 1281 porrectum.

173 1321 229 1385 pre
252 1329 326 1386 prae
350 1309 442 1366 servit
465 1308 578 1365 verbis:
606 1306 751 1381 prehabin
772 1307 936 1382 praebeat,
970 1305 1098 1363 Presteln
1121 1309 1209 1382 quasi
1231 1308 1376 1376 antistita,

72 1422 168 1487 prepn
197 1412 370 1486 priusquam
395 1428 468 1468 osce
484 1416 659 1484 prulerpan.
695 1409 893 1483 praeponitur
908 1407 1055 1465 ablativo:
1072 1416 1208 1482 preveres
1223 1418 1280 1483 pre
1298 1409 1380 1465 neree

79 1524 152 1572 ante
174 1523 303 1588 portam,
335 1512 518 1570 contrarium
537 1517 606 1585 pest
626 1512 717 1569 verz'r.

164 1621 247 1688 pest
267 1623 325 1671 vet.
343 1623 402 1687 pus
423 1631 483 1670 rec.
503 1612 637 1686 peslerlz'e
663 1613 740 1669 sicut
756 1611 872 1668 Latinis
892 1628 1015 1686 quoque
1037 1612 1129 1668 moris
1152 1619 1218 1667 erat
1240 1610 1381 1676 scribere,

81 1733 156 1772 osce
173 1721 248 1789 post,
272 1715 470 1789 praeponitur
499 1714 583 1771 casui
606 1715 690 1788 apud
711 1713 843 1770 Vmbros
866 1711 1028 1787 Oscosque
1054 1713 1202 1770 ablativo:
1221 1718 1290 1785 post
1303 1712 1385 1767 nere'r

81 1824 142 1873 vet.
166 1825 305 1888 pnsneres
327 1824 400 1890 post
421 1823 550 1890 portam.
588 1814 626 1873 cf.
644 1820 747 1888 postne
769 1823 860 1881 retro,
876 1813 1045 1891 pnstnoe'us
1059 1813 1204 1889 posticas,

175 1917 276 1990 pustin
293 1922 377 1990 purte
400 1933 459 1975 rec.
478 1917 561 1989 posti
580 1917 694 1972 coaluit
717 1921 888 1989 exportet
911 1915 950 1983 in,
981 1931 1053 1971 osce
1069 1915 1172 1987 peslen,
1206 1913 1297 1969 deest
1319 1912 1378 1968 La-

82 2020 162 2088 tinis
197 2019 443 2074 distributionem
466 2018 617 2092 significat
640 2026 673 2074 ut
706 2016 906 2092 germundi,
940 2017 1114 2074 accusativo
1138 2016 1245 2073 servit:
1287 2013 1384 2069 diviso

83 2120 219 2176 sacrario
244 2119 323 2175 inter
345 2120 438 2175 deum
462 2126 492 2174 et
523 2119 614 2175 deam
638 2120 784 2176 adoratur
817 2127 944 2192 uterque
972 2118 1071 2192 pnslin
1094 2105 1187 2173 erellu
1217 2132 1271 2188 pro
1298 2123 1385 2188 parte

83 2222 218 2288 sacrarii,
244 2220 360 2277 nummi
384 2221 461 2276 terni
478 2222 563 2294 pnsli
581 2219 747 2299 kaslrnuus
762 2221 793 2276 in
815 2219 937 2279 fundos,

185 2323 269 2378 rein
293 2321 413 2378 duobus
435 2322 533 2378 verbis
556 2327 667 2378 revesln
689 2321 810 2379 revisito
834 2329 866 2378 et
887 2325 996 2376 resteln
1019 2320 1177 2378 restituite.

188 2442 222 2478 su
245 2422 300 2478 sub
323 2421 468 2479 cohaeret
483 2423 605 2502 verbis:¹
620 2428 732 2480 sulentn
748 2422 936 2488 subtendito‚
959 2419 1095 2499 susnfies.
1118 2421 1316 2494 praeponitur
1330 2421 1383 2476 ab·

84 2527 192 2582 lativo:
215 2543 248 2580 sn
272 2530 421 2580 morenate
443 2542 471 2597 p.
492 2527 560 2582 174.
592 2526 714 2599 plenam
730 2525 858 2581 sormam
881 2523 1011 2580 servavit
1032 2521 1118 2577 subu·
1141 2522 1293 2596 suppandi
1316 2539 1381 2578 ver·

84 2629 158 2684 bum
180 2629 251 2701 imp.
274 2625 388 2683 subelu.
428 2624 548 2682 hincine
565 2627 647 2682 venit
668 2625 787 2683 subere·
802 2625 952 2683 adorandi
968 2620 1111 2681 verbum?
1134 2623 1171 2682 cf.
1187 2624 1376 2697 reciprocare

84 2728 134 2794 al.,
158 2729 271 2785 decent
294 2727 521 2801 supplicantem
545 2721 759 2801 ὑπτιάσματα.

183 2827 274 2884 erebra
296 2825 473 2884 adverbium
496 2828 589 2883 semel
614 2829 706 2884 servit
729 2829 914 2895 accusativo,
942 2825 1033 2882 rubro
1056 2827 1155 2882 tudere
1177 2844 1267 2902 supra
1291 2827 1375 2895 lineS,

85 2929 270 2986 contrarium
292 2936 340 2985 est
362 2928 488 2987 hondrn.
542 2944 546 2953 ·
1193 2921 1197 2929 “

183 3040 270 3104 snper
300 3030 346 3087 bis
379 3049 447 3087 cum
469 3030 617 3088 locativo:
655 3038 742 3104 snper
762 3029 867 3086 knmne
899 3048 990 3104 super
1014 3029 1148 3096 comitio,
1184 3037 1272 3103 snper
1294 3019 1386 3084 erelle

87 3147 178 3204 super
200 3131 341 3198 sacrario,
374 3130 415 3187 ibi
439 3131 507 3189 loci.

186 3240 307 3304 superne
344 3232 438 3289 semel
476 3250 544 3289 cum
568 3234 757 3293 accusativo:
790 3242 913 3307 superne
936 3234 1009 3288 adro
1040 3250 1132 3307 super
1162 3241 1228 3289 atra
1265 3232 1388 3288 vascula

88 3333 156 3388 alba
179 3333 328 3406 imponat,
355 3350 394 3389 eo
418 3334 486 3392 loci.
526 3333 564 3392 cf.
589 3343 661 3408 post
683 3353 774 3408 pone.

188 3439 224 3499 le,
248 3433 278 3487 in
302 3435 363 3490 tab.
381 3433 425 3489 IV
448 3441 477 3488 te
500 3435 544 3490 sic
566 3444 599 3491 ut
622 3436 651 3490 in
674 3436 765 3492 activi
789 3434 871 3491 verbi
894 3435 964 3508 imp.
987 3434 1062 3509 plur.
1084 3436 1113 3498 3,
1147 3435 1280 3493 ablativo
1304 3443 1388 3509 post-

89 3532 212 3606 ponitur
234 3541 266 3588 ut
289 3532 474 3607 significetur
508 3537 545 3592 ab
570 3537 680 3610 aliqu0‚
717 3555 756 3592 ex
779 3535 880 3610 aliquo
905 3535 942 3594 ci.
975 3536 1137 3593 radicitus:
1169 3521 1296 3591 slrnlietn
1330 3553 1389 3594 ree.

88 3634 207 3688 rcnlseto
235 3652 272 3689 ex
292 3644 400 3709 patera
418 3631 536 3714 (sculsie
559 3638 589 3693 in
611 3634 744 3715 patera),
767 3641 891 3714 anglnlo
915 3639 1047 3713 unglome
1070 3639 1108 3696 ab
1133 3639 1247 3712 angulo
1273 3640 1314 3695 ad
1337 3658 1390 3696 an·

90 3732 203 3807 gulum,
220 3741 326 3807 purete
350 3755 387 3792 ex
410 3736 490 3810 igne,
514 3746 679 3813 vepersnste
704 3759 722 3796 a
746 3743 857 3815 vepect·‚
881 3749 940 3798 vet.
965 3740 1073 3795 okrnlu
1096 3758 1134 3796 ex
1156 3758 1230 3814 agro
1248 3758 1385 3814 peregre.

190 3832 262 3910 tres
279 3837 389 3915 trahes
403 3844 450 3894 tra
474 3841 619 3900 cohaeret
642 3845 744 3911 verbe,
767 3842 911 3917 truhaerfi
931 3853 1112 3902 transverse.
1152 3845 1273 3900 casibus
1305 3860 1393 3918 prae·

91 3938 214 4012 ponitur
237 3940 414 3996 accusativo
440 3948 488 3998 tra
509 3943 620 4000 saetam
645 3944 717 4022 tres
730 3944 862 4000 sabotam
894 3952 977 4000 trans
998 3953 1137 4001 sanctam
1159 3954 1193 4001 ut
1222 3947 1252 4001 in
1282 3946 1392 4009 locum,

93 4039 226 4095 locativo
250 4046 380 4096 troanie
402 4042 512 4119 trabes
525 4044 624 4100 sehale
646 4053 680 4100 ut
702 4046 733 4101 in
754 4044 832 4104 loc0.

192 4139 276 4195 nolui
299 4143 577 4215 praepositionibus
593 4146 795 4201 adnumerare
804 4152 883 4218 paco
900 4163 1014 4201 nomen
1033 4147 1176 4221 genetivo
1193 4146 1388 4202 subiunctum

93 4232 192 4316 (neree
206 4239 337 4311 pelenner
352 4239 445 4314 pncol
480 4253 511 4301 ut
537 4245 588 4301 lat.
613 4262 716 4312 causa,
752 4246 831 4301 nolui
857 4245 916 4300 alia
939 4263 1016 4319 quae
1050 4266 1113 4303 non
1146 4246 1247 4303 solent
1275 4246 1306 4302 in
1328 4232 1388 4302 hoc

94 4356 210 4412 genere
234 4342 351 4396 censeri
378 4343 460 4398 velut
488 4362 546 4400 vene
569 4363 601 4401 ue
631 4346 842 4419 derogativam
869 4346 1061 4421 particulam,
1088 4353 1260 4419 pesnnirnnz
1286 4356 1393 4420 nempe·

92 4445 206 4495 sunlrer
227 4449 260 4496 ut
282 4444 407 4515 grandis
432 4446 606 4519 vegraudis.
