3742 5364
702 347 762 405 187

77 544 110 593 ut
133 535 186 591 bue
209 535 297 602 bove,
328 533 403 590 alias
432 533 559 588 latinum
588 549 704 588 morem
735 539 842 587 tenent
865 531 1021 587 Fisovium
1046 549 1064 586 a
1087 531 1160 587 Fisu
1189 530 1378 588 Grabovium

77 636 220 712 Igovinos
243 635 400 692 efferendo
417 642 604 692 constanter.
640 631 777 697 subocau,
799 641 862 688 tum
884 633 965 688 idem
981 632 1138 706 geminata
1154 632 1259 688 ultima
1276 632 1378 689 littera

77 737 222 811 scriptum
243 746 292 794 est
315 755 351 794 ac
373 736 488 792 totiens
512 743 630 791 utnon
652 734 750 809 possit
774 735 893 790 censeri
917 752 986 791 cum
1009 734 1120 789 sert'luu
1142 734 1220 790 inter
1238 752 1276 788 ea
1298 751 1378 806 quae

78 838 189 913 longae
214 837 327 895 vocalis
350 831 460 894 notam'
482 835 574 893 talem
601 835 786 910 acceperint.
830 836 914 908 atqui
949 835 1064 891 nullum
1097 834 1279 890 vocabulum
1309 833 1378 890 inv

78 939 200 996 desinit.
237 956 310 1012 ergo
326 938 557 1013 pronuntiemus
581 953 711 992 necesse
727 945 775 992 est
790 934 946 1002 sadecenu,
971 935 1155 1008 subrepsita
1178 953 1266 992 suam
1289 951 1377 1009 prae-

76 1057 183 1113 gressa
206 1041 343 1096 vocalem
364 1039 447 1095 utin
471 1038 551 1094 oscis
574 1035 797 1093 triburakavom
821 1037 968 1094 moltaum.

177 1140 266 1215 periit
289 1159 307 1196 a
329 1148 400 1196 ante
423 1144 447 1195 t:
482 1138 622 1195 comohota
647 1145 811 1212 commota,
848 1142 907 1193 lota
936 1155 973 1193 ex
998 1145 1085 1193 touta
1108 1145 1200 1194 tovta.
1246 1135 1377 1192 fortasse

76 1237 204 1315 antes:
229 1235 322 1314 ausru
345 1238 453 1318 ausetes
478 1257 558 1314 quae
581 1258 600 1294 a
622 1257 688 1295 aaa·
714 1239 856 1296 derivavi.
880 1256 943 1294 non
967 1238 1120 1311 ingratum
1137 1237 1193 1294 fuit
1208 1256 1249 1304 sa,
1274 1245 1377 1293 tamen

77 1351 223 1416 coeptum
245 1349 292 1397 est
314 1341 435 1408 elevari,
458 1359 533 1396 svesa
554 1359 614 1395 seso
637 1340 716 1397 sicut
739 1358 773 1396 se
797 1341 975 1396 distinctum
999 1348 1047 1396 est
1069 1357 1086 1395 a
1110 1339 1172 1396 suis
1192 1339 1244 1406 εἰς,
1270 1337 1300 1394 in
1323 1355 1376 1394 eo·

77 1442 150 1498 dem
169 1441 341 1516 significatu
363 1443 445 1515 sopz'r
467 1451 499 1498 et
520 1460 590 1500 saa.
1283 1480 1297 1512 ,

177 1627 386 1676 consonantes
408 1620 543 1693 duplices
560 1619 687 1692 singulis
703 1620 809 1676 litteris
825 1627 979 1679 notantur.
1004 1627 1153 1676 contexta
1170 1620 1264 1676 verba
1278 1618 1375 1677 11A9

68 1720 264 1793 purlz'iusudu
294 1738 349 1795 pro
371 1721 474 1776 divisis
490 1721 626 1793 purtiius
647 1723 731 1788 suctu,
754 1730 880 1796 propter
896 1721 1022 1777 enclisin
1037 1738 1098 1778 rec.
1117 1720 1222 1776 marsei
1241 1728 1273 1776 ut
1289 1737 1376 1775 mers·

77 1827 169 1877 estet
191 1820 233 1877 VI
247 1821 270 1877 B
284 1823 323 1879 26
336 1820 444 1900 sonsz'r
465 1840 521 1896 pro
535 1820 611 1898 sons
632 1822 683 1880 sir.
722 1832 892 1897 coeperunt
907 1823 1063 1895 geminare
1082 1828 1290 1879 consonantes
1306 1837 1376 1876 cum

76 1921 203 1977 latinam
225 1921 425 1980 litteraturam
446 1922 639 1990 adhiberent,
681 1923 890 1979 recentissima
913 1923 1060 1997 scriptura
1095 1924 1155 1980 tab.
1180 1921 1284 1978 VlIB
1320 1921 1376 1977 tria

76 2022 170 2078 habet
190 2023 411 2097 geminatamm
434 2024 574 2098 exempla
593 2041 695 2098 neque
712 2024 804 2080 ullum
827 2032 949 2098 praeter
967 2024 1101 2097 panupez‘
1120 2026 1244 2080 verbum
1266 2023 1374 2097 inquo

75 2123 248 2197 geminatas
271 2125 441 2193 desidereS,
465 2125 645 2199 aequiperat
666 2125 758 2198 igitur
779 2124 838 2182 hac
856 2142 980 2199 quoque
1003 2143 1035 2179 re
1058 2131 1259 2181 monumenta
1282 2122 1375 2179 latina

76 2244 96 2281 a
118 2225 263 2282 Gracchis
293 2227 334 2282 ad
362 2225 476 2283 Sullam
500 2226 592 2287 facta.
638 2227 712 2283 inde
739 2234 821 2282 retro
850 2235 990 2300 tempora
1018 2234 1200 2300 computans
1235 2223 1260 2280 si
1294 2224 1375 2279 vices

75 2325 150 2381 istas
171 2335 235 2383 set
257 2347 275 2382 r
297 2327 379 2384 vocis
402 2327 480 2383 intra
506 2337 632 2384 centum
655 2344 753 2383 annos
776 2327 882 2401 peragi
906 2327 1043 2400 potuisse
1071 2325 1228 2392 concedis,
1262 2325 1375 2400 primas

77 2427 197 2484 tabulas
220 2445 282 2482 non
305 2436 352 2483 est
375 2445 428 2483 cur
449 2427 527 2484 ultra
550 2427 757 2484 maturitatem
782 2426 882 2483 Plauti
903 2435 956 2483 aut
979 2426 1160 2482 Hannibalis
1184 2426 1296 2482 bellum
1318 2424 1374 2481 rei·

76 2527 150 2595 ciaS,
174 2528 310 2602 quintam
332 2546 395 2585 non
417 2516 512 2585 multo
536 2530 741 2586 antecessisse
766 2528 913 2586 Gracchis
937 2546 1059 2587 censeo

178 2630 353 2702 geminatae
376 2639 446 2687 sunt
469 2648 504 2686 n:
535 2649 615 2687 enom
638 2650 735 2687 ennom
759 2628 862 2702 (tertia
885 2631 1004 2704 species
1028 2629 1084 2686 fuit
1106 2631 1205 2705 priore
1227 2629 1376 2704 particula

74 2729 228 2802 producta
250 2731 320 2797 eina
344 2749 436 2805 quem
459 2731 489 2788 in
511 2733 638 2788 modum
654 2732 754 2788 Latini
778 2733 851 2788 satis
867 2733 962 2788 multa
977 2732 1129 2789 variarunt
1151 2749 1233 2805 pone
1252 2730 1375 2786 brevem

76 2831 212 2887 vocalem
235 2832 428 2906 duplicantes
451 2842 674 2890 consonantem
698 2843 749 2890 aut
774 2843 847 2890 ante
881 2833 1051 2907 simplicem
1075 2840 1300 2890 consonantem
1323 2849 1374 2886 ex·

76 2933 241 2989 tendentes
265 2929 425 3008 vocalem),
443 2944 521 3008 pone
535 2944 643 3008 ponne.
689 2937 713 2991 l:
741 2935 894 3003 Padellar,
929 2951 956 2991 s:
981 2954 1028 2990 esu
1051 2953 1113 2990 essu
1148 2943 1181 2990 et
1214 2951 1272 2989 esoc
1294 2933 1373 2998 zirac,

77 3032 163 3088 ,alliu
185 3034 281 3090 semel
304 3034 402 3090 ldisiu
425 3043 458 3091 ut
480 3035 542 3092 fido
565 3035 662 3094 fissus
682 3083 686 3093 .
708 3043 731 3094 t:
755 3044 932 3094 constanter
962 3042 1051 3093 lettom
1073 3036 1157 3093 cuius
1181 3035 1265 3107 origo
1288 3034 1373 3091 latet.

68 3141 106 3206 p:
131 3141 182 3207 ape
196 3134 282 3208 eppei
301 3131 379 3204 ἐπεί,
402 3152 433 3192 a:
453 3133 540 3211 uaeas
549 3137 636 3193 avaei
656 3155 728 3195 aves
745 3157 783 3193 ex
800 3109 951 3195 crassiore
968 3136 1117 3193 labiorum
1134 3135 1371 3210 compressione.

174 3235 250 3292 ordo
275 3244 306 3291 et
331 3236 471 3294 iunctura
493 3238 729 3295 consonantium
751 3246 926 3312 congruunt
949 3237 1100 3294 ferocum
1123 3236 1284 3293 latinitate.
1314 3235 1374 3291 sin·

75 3336 180 3409 gulare
204 3341 298 3405 suala,
322 3335 359 3396 cf.
383 3356 474 3395 nurus
497 3357 591 3412 germ.
614 3358 695 3399 snur.
739 3339 833 3395 Tlatz'e
857 3348 889 3394 ut
911 3357 1023 3414 graeca
1052 3338 1126 3395 Tlos
1150 3346 1203 3394 aut
1234 3337 1373 3411 pleniora

76 3437 196 3505 stlocus,
219 3445 252 3494 ut
272 3437 303 3494 in
327 3440 457 3496 nummis
480 3441 572 3498 tuscis
596 3441 726 3498 fortasse
745 3441 772 3497 T
774 3441 935 3498 elamoniis
960 3435 1027 3500 Tla.
1070 3429 1197 3496 tribalia
1220 3448 1252 3496 ut
1273 3438 1371 3514 publi·

77 3555 127 3594 eus
151 3536 273 3604 fabrica,
298 3540 441 3597 bdellium
462 3550 612 3598 mutatum
632 3562 650 3599 a
666 3542 774 3599 Plauto
794 3541 882 3601 Curc.
898 3543 954 3601 101
980 3542 1048 3598 libri
1064 3543 1234 3598 ostendunt
1257 3542 1288 3596 in
1305 3549 1372 3614 pte-

76 3638 147 3695 lium
169 3640 281 3696 tellum.
310 3639 414 3718 salsae
433 3642 568 3699 similiter
590 3662 626 3700 ac
649 3644 821 3718 persvasusss
866 3641 922 3721 ves
934 3651 966 3699 ut
989 3642 1029 3710 as,
1060 3643 1118 3699 nisi
1143 3643 1228 3716 quod
1251 3640 1369 3698 creber·

75 3740 150 3797 rima
171 3741 239 3809 ista,
262 3741 322 3799 hoc
346 3743 468 3800 unicum
487 3754 545 3812 est,
569 3763 606 3800 ex
630 3763 773 3820 apocopa
797 3753 888 3819 aput
911 3745 1011 3819 volup.

173 3843 269 3916 plenis
293 3845 390 3901 verbis
413 3845 556 3903 finiuntur
576 3847 759 3904 incohantur
782 3863 896 3904 vorsus.
932 3863 1119 3920 quamquam
1141 3854 1199 3903 vet.
1218 3846 1371 3902 interdum

76 3943 235 4000 distributa
257 3944 336 4000 inter
358 3963 461 4003 versus
484 3947 600 4005 habent
623 3949 666 4005 sic
682 3942 837 4025 pesnzlma
862 3956 955 4020 atque
985 3948 1066 4003 adeo
1089 3940 1241 4020 pesm'mlu,
1275 3946 1371 4022 qualis

74 4044 190 4100 incuria
211 4063 273 4101 non
296 4046 538 4120 deprehenditur
560 4050 591 4104 in
615 4067 673 4108 rec.
698 4049 858 4123 scriptura.

174 4343 322 4419 Exempla
348 4348 589 4407 declinationum
620 4351 737 4424 singula
764 4350 911 4407 vocabula
945 4348 1029 4407 dabo
1056 4354 1171 4405 mutata
1200 4364 1254 4420 per
1283 4365 1371 4403 casus

73 4462 181 4502 omnes
204 4448 372 4504 secundum
394 4449 566 4525 analogiam
581 4453 624 4508 ita
644 4460 678 4507 ut
692 4467 773 4508 nom.
791 4451 864 4525 plur.
881 4457 954 4506 totus
977 4453 1059 4509 lotar
1080 4449 1244 4520 adponam,
1269 4463 1373 4520 quam·

74 4546 117 4602 vis
140 4546 171 4602 id
194 4546 293 4621 ipsum
315 4549 493 4608 vocabulum
514 4570 576 4608 non
598 4551 778 4619 inveniatur,
802 4552 873 4626 quia
889 4568 972 4609 nom.
986 4556 1070 4626 plur.
1093 4553 1176 4604 ustas
1199 4549 1322 4620 t'vengar
1343 4546 1377 4602 in

73 4656 214 4722 promptu
236 4658 315 4709 sunt.
