3742 5364
230 323 319 389 was

228 519 321 583 netu,
344 509 505 571 kumates
530 507 739 588 persnihmu.
775 526 850 569 esu·
902 511 1084 569 commolitis
1122 511 1305 586 supplicato.
1349 529 1421 571 cum
1444 508 1538 583 hocf

229 610 302 682 kui
325 630 433 672 esunu
455 613 569 671 udetu.
594 608 769 688 tapistenu
791 608 889 671 hat-ao
903 630 966 669 rem
996 612 1129 669 divinam
1161 614 1297 673 adolet0.
1343 612 1538 688 tapistenum

230 711 323 783 betu,
345 729 439 790 pune
459 707 463 790 Ι
484 707 600 770 frehtu
622 709 762 770 habetu.
808 726 853 787 ap
905 712 1029 781 habeto,
1060 731 1187 788 poscam
1207 706 1211 791 Ι
1232 713 1374 789 frigidam
1404 714 1538 785 habeto.

231 810 305 873 itek
326 809 453 884 fakust,
476 807 623 891 purtitul
643 807 728 872 futu.
767 810 852 871 hun·
906 814 956 870 ubi
971 813 1014 870 ita
1025 813 1142 881 fecerit,
1157 810 1348 893 porrectum}
1361 825 1441 877 esto.
1465 816 1539 874 fon·

230 910 292 974 tak
319 911 390 993 pidi
421 910 622 993 prupehast,
655 909 758 992 edekl
773 929 854 973 ures
904 922 967 971 tem
978 932 1071 990 quern
1092 916 1220 991 primum
1241 917 1348 993 piabit,
1370 935 1444 976 eum
1457 911 1462 996 Ι
1475 919 1539 977 illis

229 1033 340 1095 punes
362 1010 563 1077 neidhabas.
904 1017 1007 1091 poscis
1030 1035 1069 1074 ne
1092 1018 1268 1079 adhibeant.

231 1326 257 1378 el
277 1319 391 1377 acconr't
410 1325 437 1376 el
456 1317 596 1382 succanr'l,
620 1315 741 1374 Soliuus
764 1316 804 1372 de
826 1315 956 1373 milvinis
977 1316 1057 1374 tibiis
1087 1317 1118 1373 in
1141 1321 1272 1374 accentus
1293 1323 1404 1375 exeunt
1424 1320 1539 1377 acutri·-

229 1424 319 1481 sr'mos.
363 1417 578 1478 declinationis
596 1417 675 1474 iuter
696 1417 802 1473 kanetu
824 1425 856 1474 et
874 1418 971 1473 canito
993 1417 1077 1475 idem
1099 1418 1263 1476 discrimen
1278 1427 1326 1476 est
1348 1421 1435 1495 quod
1453 1421 1540 1479 inter

230 1524 348 1581 ferveat
369 1529 401 1578 et
423 1520 527 1594 fervat,
550 1517 627 1576 tueri
648 1525 682 1574 et
704 1518 754 1578 tui.

331 1625 371 1683 30
399 1640 460 1680 una
481 1639 551 1679 cum
571 1620 648 1678 extis
671 1637 764 1695 quam
786 1619 816 1676 iu
838 1637 911 1678 arae
932 1620 1060 1678 modum
1084 1629 1271 1680 exornarunt
1292 1622 1403 1681 lectica
1423 1623 1538 1683 adole-

231 1733 287 1794 tur,
307 1741 345 1781 ea
363 1724 443 1780 enlm
466 1731 500 1780 ut
521 1739 569 1779 res
593 1721 695 1779 divina
719 1721 805 1777 fieret
828 1722 1050 1797 praescriptum
1071 1721 1245 1783 est11114.
1280 1724 1322 1781 ad
1343 1723 1402 1781 hoc
1424 1725 1537 1783 incen-

231 1826 314 1883 dium
335 1834 366 1883 et
387 1825 529 1899 laptilenu
551 1823 657 1882 haberi
679 1839 757 1897 opus
781 1830 830 1880 est
851 1831 883 1880 et
899 1832 980 1896 pune
989 1822 1114 1902 fallu,
1151 1841 1279 1899 poscam
1312 1824 1453 1901 frigidam
1485 1827 1537 1884 vel

231 1926 423 2002 frigefactam
445 1944 506 2002 qua
525 1925 588 1982 noli
609 1925 749 1983 dubitare
775 1923 847 1998 quin
870 1924 973 1999 spargi
994 1924 1144 1982 voluerint
1167 1925 1283 1984 favillas
1305 1923 1448 2001 (Troiani
1472 1926 1538 1985 Mi·

230 2045 306 2084 seno
328 2045 433 2103 pyram
449 2034 628 2102 congestam
644 2043 714 2083 cum
730 2033 929 2094 cremassent,
946 2030 1101 2100 postquam
1116 2027 1253 2101 conlapsi
1273 2027 1382 2085 uiueres
1402 2027 1537 2104 elliam·

230 2145 277 2183 ma
299 2128 416 2202 quravt'l,
439 2128 599 2202 relliquias
617 2128 687 2186 vino
710 2131 737 2183 el
758 2125 885 2183 bibulam
908 2128 1006 2185 lavere
1019 2125 1168 2205 favillam
1191 2128 1222 2185 iu
1241 2129 1382 2188 Aeneide
1397 2128 1443 2187 VI
1456 2132 1536 2199 226,

232 2227 351 2288 Cordus
374 2227 502 2305 Pompei
524 2247 630 2304 rogum
646 2247 791 2304 aequorea
806 2228 966 2303 restrugur't
978 2247 1058 2303 aquo
1080 2230 1163 2304 apud
1181 2229 1342 2290 Lucanum
1358 2228 1428 2288 VIII
1444 2230 1536 2308 788).

231 2331 376 2404 loprstenu
399 2331 474 2406 quid
495 2331 534 2388 sit
556 2331 581 2387 si
603 2349 667 2388 non
687 2347 814 2406 possum
837 2329 973 2402 definire,
1009 2330 1124 2387 dictum
1152 2339 1257 2389 tamen
1284 2350 1302 2390 a
1329 2341 1436 2408 tepore
1458 2350 1536 2391 esse

231 2433 322 2490 valde
345 2431 483 2506 suspicor
506 2432 594 2507 quasi
616 2431 811 2507 tepestinum.
857 2431 958 2488 Latini
979 2448 998 2487 a
1021 2431 1166 2500 caldario,
1194 2433 1279 2507 quod
1301 2449 1414 2490 nomen
1435 2433 1537 2492 etiam

231 2534 273 2590 ad
295 2533 446 2591 caccabos
469 2532 630 2607 ahenaque
653 2532 802 2590 culinaria
824 2532 1053 2600 transtulerunt,
1076 2533 1107 2589 in
1123 2533 1250 2591 balineis
1266 2533 1436 2609 distIngunt
1450 2535 1537 2611 tepi-

231 2635 350 2692 darium
373 2635 458 2709 quod
479 2651 590 2708 graece
612 2634 737 2691 vertitur
756 2629 997 2708 χλιαροψύχιον,
1027 2633 1119 2691 Attici
1147 2634 1271 2708 tepidae
1294 2652 1374 2710 quae
1395 2634 1536 2710 potioni·

230 2737 288 2793 bus
309 2736 486 2793 misceretur
506 2734 662 2810 proprium
683 2752 796 2791 nomen
812 2735 978 2793 dederunt:
1000 2730 1162 2810 παρέχεον
1184 2731 1203 2808 ἢ
1227 2732 1285 2809 μὲν
1305 2731 1344 2796 τὸ
1366 2731 1488 2812 θερμὸν
1511 2733 1534 2813 ἡ
1633 2732 1635 2737 ’

230 2833 258 2898 δ’
276 2833 371 2912 ἑτέρα
385 2834 423 2898 τὸ
442 2831 619 2912 μετάκερας
642 2836 739 2894 idest
760 2832 798 2895 τὸ
814 2832 948 2911 χλιαρὸν
971 2831 1068 2911 ὕδωρ.
1097 2855 1116 2895 a
1131 2844 1237 2911 tepore
1256 2835 1289 2894 fit
1306 2845 1427 2913 tepesta
1441 2846 1476 2896 ut
1491 2841 1535 2898 ab

230 2939 348 2997 honore
370 2938 510 3008 honesta,
542 2937 655 2994 exinde
678 2938 864 3013 tepestiuum
885 2945 920 2994 ut
941 2937 980 2995 ab
1004 2937 1068 2995 sale
1091 2936 1227 2998 salinum.
1270 2938 1375 3014 itaque
1396 2938 1536 2999 fortasse

231 3049 347 3099 certum
369 3059 422 3097 vas
445 3040 603 3116 aquarium
625 3057 664 3097 eo
686 3040 810 3097 nomiae
827 3040 1009 3097 denotatum
1025 3047 1073 3096 est
1087 3040 1232 3114 grandius
1256 3045 1421 3115 aptumque
1443 3041 1537 3099 refri-

230 3144 368 3218 gerando
392 3143 496 3210 calorI,
518 3137 696 3217 ψυκτήριον
719 3141 886 3216 quoddam,
909 3158 948 3197 ex
971 3158 1032 3216 quo
1056 3158 1126 3198 cum
1141 3158 1321 3218 respergere
1344 3140 1463 3199 clueres
1489 3144 1537 3201 vi·

231 3245 361 3301 deantur
382 3252 415 3301 ut
436 3243 515 3318 Ignis
538 3243 758 3316 exstinguatur,
790 3258 853 3298 nou
887 3241 1056 3299 absurdum
1085 3241 1173 3299 fuerit
1201 3259 1378 3319 comparare
1405 3241 1538 3303 hamam

231 3361 311 3420 quae
333 3361 443 3418 aquam
465 3342 638 3417 praebuerit
654 3342 774 3399 Romae
791 3341 1058 3416 compescentibus
1070 3342 1255 3404 incendium.
1286 3342 1317 3401 in
1333 3343 1416 3418 agris
1432 3361 1537 3422 saepe

231 3444 306 3501 ciuis
329 3451 383 3502 aut
404 3445 497 3502 carbo
520 3443 730 3500 inveniebatur
753 3442 892 3500 subditus
915 3443 1060 3510 terminis,
1084 3445 1169 3518 quod
1191 3444 1309 3521 antiqui
1334 3462 1402 3502 cum
1426 3449 1536 3505 termi-

231 3563 287 3603 nos
310 3553 470 3621 ponerent,
495 3545 526 3602 in
549 3544 639 3602 fossis
661 3545 770 3619 quibus
794 3561 848 3601 eos
868 3545 997 3620 posituri
1020 3552 1108 3602 erant
1129 3545 1278 3603 sacrificio
1307 3545 1390 3604 facto
1411 3545 1537 3608 hostia·

231 3663 293 3721 que
315 3646 472 3704 Immolata
494 3655 589 3723 atque
612 3647 739 3704 incensa
763 3646 880 3704 facibus
900 3646 1079 3704 ardentibus
1095 3647 1347 3722 consumptisque
1369 3648 1443 3723 igne
1465 3667 1536 3709 om·

231 3749 320 3805 nibus
344 3748 475 3823 dapibus
498 3766 590 3824 super
612 3748 750 3806 calentes
772 3748 914 3824 reliquias
936 3749 1054 3825 lapides
1070 3749 1286 3818 conlocabant,
1307 3749 1391 3824 quod
1408 3766 1536 3810 sacrum

232 3847 335 3907 hisae
358 3849 493 3924 pluribus
516 3849 616 3907 verbiS
640 3848 758 3907 Siculus
782 3850 913 3908 Flaccus
937 3859 1059 3908 enarrat
1081 3868 1111 3925 p.
1136 3852 1238 3927 141,4
1260 3850 1385 3909 Lachm.

330 3953 368 4010 31
394 3951 448 4008 r'lek
471 3952 530 4010 hoc
545 3968 607 4009 uno
622 3953 691 4009 loco
708 3951 824 4026 legitur.
862 3970 937 4009 cave
953 3952 1126 4010 confundas
1143 3970 1212 4009 cum
1229 3953 1295 4009 erfek
1311 3946 1371 4030 (id)
1388 3960 1443 4009 aut
1460 3970 1535 4014 curn

230 4053 286 4109 r'selr
308 4029 404 4132 (Iv‘a
424 4051 504 4110 VIB
521 4052 573 4126 25)
597 4053 681 4127 quod
703 4053 742 4109 ab
767 4071 809 4110 aso
829 4053 1009 4127 pronomine
1033 4062 1132 4110 ortum
1155 4052 1289 4110 similiter
1310 4052 1373 4110 fieri
1397 4052 1535 4114 alterum

231 4154 318 4211 alteri
341 4153 468 4215 indicat.
513 4153 587 4211 illud
612 4154 695 4211 venit
718 4154 756 4212 ab
781 4155 823 4210 ila
845 4162 899 4212 aut
929 4155 1017 4211 locali
1040 4171 1114 4211 casu
1141 4155 1182 4213 ad
1212 4172 1302 4230 quem
1335 4155 1534 4229 aequalitatis

230 4262 306 4312 nota
328 4255 451 4312 adiecta
473 4264 520 4313 est
542 4255 573 4312 iu
595 4255 701 4316 itidem.
753 4256 783 4312 in
806 4255 906 4312 latinis
929 4255 1064 4312 formulis
1099 4253 1153 4311 ubi
1175 4255 1216 4311 ila
1235 4254 1340 4332 joxr't,
1372 4256 1403 4311 sr'
1433 4257 1535 4315 alrula

222 4353 328 4433 saxr'l,
352 4374 405 4412 ver
427 4373 544 4413 sacrum
567 4371 623 4430 quo
647 4356 727 4413 modo
738 4355 836 4435 faxt'l
850 4354 944 4429 probe
955 4355 1073 4433 factum
1095 4362 1160 4415 esto.

331 4459 370 4517 33
393 4477 451 4514 uru
472 4475 644 4533 pronomen
667 4475 737 4515 esse
760 4448 1040 4514 coniunctissimum
1063 4476 1133 4514 cum
1155 4459 1209 4514 ulu
1231 4456 1303 4531 (ollo
1326 4453 1411 4535 illuc)
1433 4459 1536 4521 docet

231 4575 355 4616 carmen
378 4577 438 4635 quo
462 4577 482 4615 a
503 4559 608 4634 populi
631 4560 726 4618 sacris
742 4570 884 4616 arcentur
898 4559 1051 4635 peregrini
1071 4560 1085 4617 I
1101 4559 1124 4616 B
1143 4563 1180 4619 18
1204 4559 1285 4617 VIB
1301 4561 1356 4620 55:
1370 4557 1443 4637 selu
1459 4583 1535 4638 uru,

231 4657 324 4717 facito
347 4660 404 4720 illu.
447 4660 551 4735 itaque
573 4679 641 4717 ures
649 4671 744 4734 panas
757 4670 805 4718 est
819 4660 877 4718 illis
892 4661 1004 4735 poscis.
1036 4669 1275 4719 commemorata
1290 4661 1415 4737 quidem
1431 4682 1537 4739 posca
