3742 5364
227 348 481 408 V1a51=1a13
853 350 892 407 92

230 537 305 591 ater
334 529 505 591 habituto.
553 547 677 591 ennom
712 527 854 608 stiplatu
869 555 889 592 u
907 532 1053 590 habento.
1111 541 1174 589 tum
1210 535 1371 608 stipulator
1408 552 1538 610 parram

229 628 330 710 paria
352 630 462 692 desva
485 650 579 706 seso,
610 638 684 691 tote
712 628 852 692 Iiovine.
904 651 1082 707 prosperam
1118 634 1184 701 sibi,
1225 634 1340 691 civitati
1372 633 1536 708 Iguvinae.

230 739 392 791 sururont
405 727 606 791 combifiatu
619 728 745 810 vapeie
760 729 853 790 avie-
904 734 1011 790 itidem
1030 736 1179 791 mandato
1197 735 1227 790 in
1251 735 1343 793 sellas
1355 736 1536 812 augurales.

229 952 361 1010 persona
384 936 483 1010 plures
506 935 635 1009 proinde
659 953 695 993 ac
718 936 742 992 si
764 937 828 1011 pari
851 945 1006 1011 potestate
1030 946 1143 995 essent.
1193 954 1253 1012 quo
1284 939 1325 994 de
1355 946 1388 995 ut
1425 939 1535 997 existi-

229 1054 294 1092 mes
317 1037 519 1100 econtrario,
544 1037 649 1110 accipe
672 1037 737 1092 eius
760 1044 929 1093 structurae
958 1038 1083 1093 latinum
1110 1037 1282 1112 exemplum
1312 1046 1468 1114 sumptum
1493 1058 1536 1096 ex
1622 1050 1625 1056 '

231 1137 361 1210 epistula
385 1139 424 1194 de
448 1135 691 1193 Bacchanalibus
726 1135 801 1195 CIL.
822 1137 836 1193 Ι
857 1138 956 1205 196,8
981 1147 1012 1194 et
1036 1140 1073 1196 17
1098 1139 1199 1193 Baros
1224 1139 1273 1195 uir
1302 1140 1402 1212 nequis
1436 1141 1538 1198 adiere

231 1238 305 1293 velet
325 1238 412 1294 crivit
435 1255 574 1292 romanus
596 1255 664 1293 neue
685 1239 816 1292 nominas
831 1239 921 1293 luttizi
933 1256 1002 1293 neve
1023 1240 1128 1294 socrum
1146 1239 1308 1312 quisquam,
1332 1240 1411 1295 niter·
1427 1242 1537 1313 Μαι·

231 1331 331 1411 torem)
355 1335 501 1392 urbanum
525 1338 654 1392 adiacent
674 1338 755 1410 isque
771 1339 803 1392 dr
817 1343 949 1392 senatuos
965 1339 1134 1403 sententr'ud,
1159 1339 1225 1394 dum
1241 1356 1276 1394 ne
1298 1339 1396 1394 mr'nur
1416 1346 1535 1395 senato·

233 1437 318 1492 ribus
338 1435 490 1493 Cadesent
504 1455 588 1510 quom
605 1455 637 1492 eo
653 1456 699 1492 res
714 1439 896 1506 recoleretur,
921 1439 1068 1505 r'ousrlrent,
1091 1439 1142 1495 ubi
1157 1438 1279 1512 pluralis
1293 1439 1433 1495 iourrrent
1445 1458 1538 1514 prae-

233 1547 330 1594 torem
352 1547 384 1594 et
407 1545 547 1594 senatum
570 1539 789 1611 complectitur.
825 1538 885 1594 hoc
908 1539 1033 1595 verbum
1057 1540 1087 1594 in
1109 1539 1294 1612 singularem
1316 1547 1466 1597 mutatum
1483 1550 1537 1598 est

233 1658 250 1696 a
272 1639 482 1706 Momrnseno,
504 1640 705 1696 umbricorum
728 1650 996 1696 monumentorum
1019 1642 1155 1696 editores
1178 1659 1241 1697 non
1263 1641 1362 1698 minus
1387 1641 1536 1699 offende-

232 1748 301 1796 runt
322 1741 354 1795 in
375 1740 432 1796 illis
455 1736 588 1814 aoJertor
611 1758 672 1795 cum
689 1741 861 1813 prinovatis
876 1747 1043 1813 precantur,
1076 1760 1179 1798 verum
1211 1751 1316 1798 tamen
1348 1742 1442 1800 latina
1466 1761 1537 1800 um·

136 1830 138 1835 ’
233 1841 346 1897 bricam
368 1850 399 1897 et
422 1841 499 1898 haec
522 1842 602 1898 illam
626 1841 719 1897 dictio
743 1849 854 1907 tuetur,
887 1859 986 1916 neque
1017 1852 1163 1917 tanquam
1198 1844 1313 1900 menda
1342 1844 1538 1919 sculptorum

232 1943 315 1998 rudis
339 1951 369 1999 et
391 1944 611 1999 inexercitatae
633 1943 769 2018 syntaxis
793 1943 1027 2017 inaequalitates
1051 1945 1159 2017 corrigi
1184 1945 1307 2001 debent.
1349 1944 1485 2018 denique
1511 1946 1539 2002 si

234 2041 337 2100 famuli
360 2045 510 2118 prinovati
533 2053 637 2100 essent
660 2044 832 2113 adsertoris,
856 2046 930 2118 quid
953 2062 1030 2118 opus
1055 2044 1110 2100 luit
1132 2045 1246 2101 totiens
1270 2045 1414 2103 inculcari
1438 2046 1534 2104 uobis

234 2145 288 2217 qui
307 2145 422 2219 insigne
444 2147 635 2220 magistratus
654 2142 756 2220 geret?
789 2146 906 2202 scilicet
941 2148 1112 2206 cavendnm
1145 2155 1271 2218 eratne
1295 2148 1494 2207 sacerdotem
1518 2165 1539 2203 a

233 2246 416 2303 calatoribus
439 2264 502 2302 non
525 2248 598 2303 satis
622 2255 750 2320 possent
770 2246 876 2303 Vmbri
903 2248 1087 2314 discernere,
1111 2249 1136 2303 si
1158 2249 1283 2304 nomine
1306 2256 1425 2305 tantum
1447 2247 1538 2304 brevi

233 2354 264 2401 et
288 2347 413 2420 simplici
438 2347 520 2403 illum
543 2347 742 2421 appellarent,
766 2347 797 2404 id
820 2348 906 2421 quod
929 2347 961 2403 fit
983 2348 1080 2404 VIIB
1104 2350 1121 2406 3
1156 2346 1210 2404 ubi
1239 2347 1373 2426 affertur
1400 2349 1538 2404 Atz'edzirs

226 2449 368 2521 populum
392 2448 569 2515 lustraverit,
595 2466 633 2504 ac
655 2466 716 2504 non
742 2449 867 2522 insuper
880 2457 986 2505 notam
1003 2450 1030 2504 ei
1046 2449 1231 2523 peculiarem
1247 2451 1413 2506 adicerent.
1450 2449 1536 2508 haec

232 2549 323 2624 igitur
345 2566 413 2605 cum
436 2550 550 2621 cogito,
583 2550 759 2622 prinovatos
782 2551 891 2606 ordine
914 2568 949 2606 ac
972 2551 1122 2623 dignitate
1154 2552 1279 2624 propius
1302 2552 1411 2607 abesse
1435 2569 1454 2607 a
1475 2550 1535 2609 fla·

233 2650 314 2705 mine
337 2667 429 2722 quam
452 2668 470 2705 a
494 2650 677 2706 calatoribus
700 2650 820 2706 conicio
844 2659 875 2707 et
897 2651 999 2707 locum
1023 2670 1085 2706 non
1118 2661 1181 2708 tam
1212 2651 1419 2725 apparitorum
1452 2651 1537 2708 obti-

233 2767 306 2805 nere
330 2767 421 2823 quam
445 2751 623 2824 legatorum.
669 2752 773 2827 itaque
796 2752 875 2808 inira
890 2750 986 2807 VllA
1004 2754 1042 2810 51
1068 2752 1170 2825 partiti
1190 2751 1361 2826 provincias
1384 2753 1535 2811 sacerdos

234 2859 265 2906 et
284 2852 435 2925 prinovati
459 2870 522 2907 rem
542 2861 652 2927 gerunt
674 2870 729 2926 pro
752 2853 867 2927 populo
889 2862 1172 2927 praemonstrantes
1206 2853 1296 2909 ritum
1328 2870 1418 2926 quem
1441 2870 1537 2911 exse·
1616 2910 1618 2914 .

177 2972 182 2983 ·
235 2961 365 3027 quantur
388 2953 469 3009 cives
494 2953 640 3027 quilubet.
687 2955 768 3009 cives
791 2962 862 3010 sunt
884 2955 987 3027 utique
1011 2955 1068 3026 ipsi
1091 2954 1207 3027 optimo
1230 2955 1303 3022 iure,
1327 2962 1473 3027 quantum
1493 2973 1538 3012 ex

233 3054 356 3109 nomine
380 3055 478 3129 capi0,
501 3072 599 3128 nuper
622 3054 733 3110 adlecti
753 3055 832 3110 inter
854 3055 1000 3128 primores
1025 3055 1166 3121 civitatis
1190 3054 1261 3110 novi
1284 3062 1452 3127 praetores
1474 3055 1536 3112 ali·

234 3155 286 3228 qui
308 3155 340 3210 id
361 3173 469 3230 genus.
515 3157 598 3230 apud
621 3155 800 3212 Salaminios
823 3153 912 3230 Cypri
947 3156 1067 3212 victima
1102 3155 1233 3212 lustralis
1270 3171 1361 3228 quam
1384 3155 1537 3214 sacerdos

235 3264 392 3328 mactaret,
417 3266 463 3312 ter
487 3256 754 3330 circumagebatur
775 3273 859 3312 aram
882 3257 920 3314 ab
944 3255 1069 3330 ephebis
1093 3252 1216 3330 (Porph.
1241 3254 1537 3326 deabstin.1154l.

235 3358 319 3431 quod
342 3366 401 3413 tres
424 3358 500 3415 fiunt
525 3359 675 3432 prinovati
701 3366 733 3414 et
761 3359 925 3426 sacerdOS,
959 3357 1148 3430 respondere
1171 3374 1316 3413 numerus
1343 3357 1461 3413 videtur
1483 3357 1537 3415 dis

235 3459 365 3514 totidem
382 3459 491 3530 quibus
508 3459 636 3533 populus
652 3457 802 3515 lustratur.
842 3475 1027 3532 quamquam
1043 3457 1073 3512 in
1089 3467 1191 3515 vetere
1208 3474 1278 3514 aere
1294 3457 1461 3529 prtiruuotu
1475 3473 1537 3513 nu·

236 3578 321 3616 mero
344 3578 406 3615 non
428 3567 583 3631 notantur,
609 3569 711 3616 tamen
735 3559 788 3636 tus
795 3575 883 3614 versu
897 3561 935 3616 41
961 3559 1043 3633 ipsos
1061 3575 1184 3632 quoque
1201 3560 1278 3640 duos
1294 3574 1363 3614 esse
1385 3556 1537 3618 ostendit.

336 3663 374 3719 51
411 3670 483 3718 ante
506 3679 598 3737 quam
626 3663 723 3735 ipsam
757 3661 966 3718 lustrationem
1000 3661 1206 3733 adgrediatur,
1240 3657 1390 3733 auspicari
1419 3655 1537 3715 flamen

237 3763 330 3818 debet
352 3764 471 3830 iterum,
494 3780 558 3819 non
581 3781 642 3838 quo
666 3763 766 3819 locum
789 3763 847 3817 iarn
869 3762 993 3818 mutarit
1015 3762 1210 3835 priorumque
1227 3760 1431 3834 auspiciorum
1453 3757 1537 3817 fines

237 3864 412 3930 excesserit,
446 3865 502 3920 sed
526 3865 611 3939 quod
641 3864 763 3938 optimis
788 3863 931 3936 auspiciis
954 3862 1072 3918 lustrari
1102 3861 1245 3935 populum
1269 3861 1380 3919 volunt.
1425 3877 1538 3935 quem·

237 3965 406 4020 admodum
427 3966 599 4039 auspicanti
621 3965 653 4021 fit
675 3973 708 4021 ut
730 3964 824 4020 semel
848 3972 940 4039 atque
972 3965 1081 4019 iterum
1104 3980 1166 4018 non
1195 3963 1344 4019 addicant
1365 3980 1436 4018 aves
1470 3955 1537 4037 (Li-

238 4066 301 4120 vius
325 4064 446 4122 XXVII
469 4068 516 4140 16,
534 4061 594 4142 15),
623 4068 665 4122 ita
687 4083 867 4140 prosperum
890 4066 1048 4139 augurium
1082 4065 1255 4138 repetendo
1278 4063 1538 4121 confirmaturae

238 4166 395 4224 stabilitur.
440 4168 524 4222 iuvat
540 4167 762 4223 Germanorum
779 4166 920 4223 conferre
939 4166 1195 4222 consuetudinem
1219 4172 1372 4221 narratam
1388 4182 1407 4220 a
1421 4162 1537 4221 Tacito

176 4244 179 4248 ⁵
239 4267 340 4324 Germ.
366 4269 420 4325 10:
456 4268 480 4324 si
502 4268 622 4342 publice
645 4269 875 4336 consultaretur,
912 4268 1104 4323 sacerdotem
1128 4266 1255 4322 civitatis
1278 4266 1407 4340 primum
1431 4271 1537 4323 sortes

238 4368 347 4423 tollere
370 4379 401 4425 et
422 4369 623 4443 interpretari,
646 4388 724 4443 quae
748 4370 773 4426 si
793 4369 996 4442 prohiberent,
1020 4369 1132 4424 nullam
1147 4367 1210 4422 fieri
1224 4369 1269 4424 ¹de
1292 4384 1330 4423 ea
1352 4383 1384 4421 re
1406 4365 1437 4421 in
1463 4383 1538 4425 eum

239 4469 320 4524 diem
344 4471 607 4540 consultationem,
631 4472 677 4528 sin
699 4471 917 4545 permisissent,
951 4470 1154 4544 auspiciorum
1188 4476 1309 4543 praeter
1341 4466 1405 4522 illas
1437 4464 1537 4525 fidem

240 4571 327 4643 exigi.
374 4572 533 4646 stipulatur
555 4592 627 4630 aves
650 4574 805 4630 secundas
827 4571 972 4640 adsertor,
1010 4570 1155 4643 combifiot
1179 4569 1356 4644 pronuntiat
1372 4574 1405 4622 ut
1428 4568 1537 4642 auspi·

240 4672 287 4726 cia
309 4673 359 4727 illa
382 4683 545 4747 captentur
566 4677 596 4731 in
618 4692 687 4731 eum
705 4675 805 4732 locum
827 4691 918 4748 quem
951 4691 1048 4748 augur
1082 4681 1178 4740 tenet,
1210 4674 1240 4728 in
1271 4665 1367 4744 aupes
1392 4668 1537 4748 abiectus,
