3742 5364
239 331 349 396 VIIA3
364 333 444 396 1324
859 339 918 396 106

235 517 322 600 rofu‚
343 517 451 581 heriei
473 515 563 598 peiu.
608 495 709 579 Serfe
731 514 858 578 Martie
877 541 890 577 a
912 521 995 577 rulos
1033 523 1079 579 vel
1115 523 1231 596 piceos.
1297 522 1390 582 Cerfo
1424 525 1547 585 Martio

238 743 305 782 cum
331 723 455 798 rupibus
477 739 514 778 ac
535 722 642 795 rupina
665 720 847 778 vocabulum
880 722 910 775 in
942 721 1061 777 mollius
1083 722 1229 781 flexerint.
1273 734 1442 796 cognatum
1466 745 1545 785 esse

238 826 339 899 aliqua
368 824 487 880 ratione
510 823 568 880 loci
590 840 703 878 nomen
729 839 820 878 nemo
844 839 905 877 nou
930 824 1044 879 sentiet
1072 841 1139 878 cum
1166 842 1204 880 ea
1226 842 1258 879 re
1281 842 1361 898 quac
1383 826 1446 884 hoc
1467 829 1544 902 ipso

239 928 307 983 loco
329 935 513 982 memoratur
536 942 636 998 neque
658 923 719 980 ullo
741 924 811 990 ali0,
835 941 902 979 cum
924 942 999 982 ruse.
1044 936 1185 998 precatur
1218 926 1366 982 sacerdos
1396 936 1429 983 et
1458 928 1541 987 libat

235 1048 345 1085 ruseme
367 1030 446 1085 sicut
469 1026 544 1082 alias
559 1034 691 1096 personae
713 1026 757 1096 (iu
773 1024 888 1080 fossam
904 1026 1077 1095 terramve),
1100 1036 1165 1081 atra
1188 1027 1311 1082 vascula
1334 1044 1372 1083 eo
1388 1008 1544 1088 admovet

236 1147 338 1205 neque
362 1146 432 1185 vero
456 1144 535 1202 quae
558 1127 630 1183 atris
652 1126 840 1198 inponuntur
863 1125 941 1189 alba,
975 1136 1064 1199 putes
1098 1144 1189 1181 areae
1211 1127 1342 1184 humove
1375 1128 1542 1189 finitimam

238 1249 302 1287 rem
326 1229 502 1303 significari,
534 1227 713 1301 praesertim
747 1244 815 1282 cum
837 1244 917 1282 nova
940 1244 1065 1300 precum
1086 1228 1220 1299 gravitas
1242 1247 1260 1283 a
1282 1230 1351 1285 viae
1373 1233 1541 1291 mentione

237 1341 400 1406 repetatur.
446 1338 543 1386 terrae
566 1344 680 1383 numen
704 1327 792 1382 variis
815 1326 946 1382 Romani
968 1327 1122 1382 vocabulis
1151 1328 1350 1402 indigitantes
1373 1329 1401 1386 T
1402 1331 1539 1389 ellumo·

235 1451 305 1489 nem
328 1433 465 1488 Altorem
481 1431 633 1485 Rusorem
655 1428 886 1495 venerabantur,
909 1427 1044 1483 Rusinae
1067 1429 1147 1483 deae
1170 1430 1200 1484 in
1224 1430 1319 1486 tutela
1346 1441 1434 1489 erant
1455 1452 1540 1501 rura,

236 1535 308 1591 nihil
331 1545 394 1591 tam
416 1532 569 1606 proprium
592 1539 640 1587 est
662 1531 736 1586 ruris
760 1548 851 1604 quam
874 1529 978 1597 herba,
1003 1547 1093 1603 super
1117 1531 1286 1604 caespitem
1309 1531 1436 1590 Tacitus
1459 1534 1536 1594 hist.

234 1635 277 1696 IV
293 1637 332 1695 53
356 1633 478 1691 reddita
510 1640 582 1688 exta
616 1631 720 1687 scribit
753 1649 821 1686 cum
854 1628 1040 1704 Capitolium
1063 1629 1273 1703 Vespasianus
1308 1634 1539 1694 restituendum

158 1782 171 1803 ‚
236 1744 357 1792 curaret
378 1736 505 1791 lustrata
528 1732 772 1789 suovitaurilibus
800 1749 879 1787 area.
925 1749 994 1787 cum
1027 1748 1093 1787 rure
1123 1741 1227 1788 tamen
1260 1752 1353 1788 rusam
1387 1737 1541 1809 equidem

236 1853 422 1910 componere
437 1833 500 1891 no'n
519 1835 625 1899 ausim,
648 1833 718 1906 quia
738 1833 930 1888 intercidisse
947 1833 978 1887 in
993 1831 1052 1888 hoc
1068 1832 1206 1888 labialem
1224 1833 1354 1890 litteram
1376 1835 1538 1911 illaquam

234 1937 296 1992 dixi
318 1955 388 1993 cum
409 1934 517 1991 rubine
540 1934 661 2007 rupzaz'a
684 1934 828 2005 cognatio
851 1934 925 1988 satis
957 1934 1076 2006 probat,
1110 1934 1214 1989 similis
1244 1936 1309 1991 eius
1341 1953 1434 2009 quam
1463 1955 1539 1997 cum

237 2039 311 2094 rubo
334 2054 439 2094 ruscus
461 2036 564 2094 habet.
603 2029 674 2090 ‘nec
696 2035 786 2090 rubos
811 2035 851 2089 ad
872 2033 1021 2090 maleficia
1045 2044 1163 2090 tantum
1184 2037 1291 2108 genuit
1307 2031 1431 2093 natura'
1453 2038 1539 2097 haec

234 2139 330 2213 prima
353 2140 394 2194 de
417 2136 524 2193 frutice
547 2137 608 2192 isto
637 2135 728 2190 verba
752 2133 838 2189 Plinii
868 2132 968 2189 XXlV
995 2137 1064 2200 117,
1100 2152 1159 2190 nec
1191 2155 1301 2191 ruseme
1331 2139 1537 2210 precantibus

235 2240 403 2314 quidquam
436 2237 590 2311 antiquius
624 2253 715 2309 quam
738 2240 832 2293 atero,
863 2229 914 2292 καὶ
936 2229 976 2292 τὰ
995 2232 1053 2305 τῆς
1076 2230 1187 2308 βάτου,
1221 2245 1254 2292 ut
1277 2236 1446 2312 Aeschylus
1480 2242 1539 2308 ait,

233 2338 359 2411 λευκοῖς
392 2355 426 2397 τε
458 2334 519 2411 γὰρ
552 2332 680 2410 μόροισι
713 2332 765 2394 καὶ
798 2330 1003 2408 μελαγχίμοις
1035 2331 1087 2392 καὶ
1116 2333 1364 2410 μιλτοπρέπτοις
1388 2336 1536 2414 βρίθεται

153 2454 155 2459 “
233 2436 352 2500 ταύτοῦ
374 2434 494 2513 χρόνου
517 2436 643 2510 (Athen.
659 2437 686 2492 li
709 2455 738 2510 p.
753 2431 834 2507 51¹¹),
857 2437 897 2491 de
920 2435 1000 2491 rubis
1025 2434 1106 2508 ligna
1129 2437 1355 2494 adhibebantur
1377 2443 1419 2498 ad
1441 2443 1536 2517 ignes

233 2540 390 2597 lustrificos
414 2539 583 2610 (Theocrit.
607 2538 737 2611 naal),
776 2537 855 2592 Rubi
878 2537 994 2610 oppido
1023 2554 1136 2592 nomen
1159 2539 1189 2592 in
1212 2540 1349 2613 Appulis.
1392 2543 1536 2618 denique

235 2624 339 2697 tertius
364 2650 459 2697 restat
484 2640 579 2706 locuS,
602 2636 675 2714 trus
689 2638 788 2693 sabate
811 2637 1018 2706 misahelem,
1053 2647 1215 2712 utrumque
1244 2641 1326 2695 enim
1349 2659 1454 2700 casum
1477 2664 1534 2702 co-

234 2743 370 2817 pulatum
394 2761 462 2798 cum
485 2741 714 2816 praepositione
737 2757 850 2796 nornen
873 2740 980 2812 recipit
1002 2756 1057 2813 pro
1089 2749 1121 2795 ut
1150 2740 1191 2794 ibi
1222 2748 1283 2796 stat
1303 2745 1452 2800 sacerdos
1477 2757 1537 2805 aut

233 2845 316 2900 vadit
338 2861 375 2899 eo
399 2853 430 2900 et
451 2835 553 2910 mittit,
575 2844 605 2898 in
621 2851 723 2898 vetere
746 2840 850 2898 tabula
872 2847 919 2896 tra
940 2847 1000 2895 sate
1022 2840 1068 2894 vel
1091 2842 1174 2897 sollo
1198 2843 1343 2916 scriptum
1362 2853 1419 2905 est.
1454 2847 1538 2906 limi·

231 2954 294 3000 tem
319 2945 473 3017 quendam
495 2954 528 3000 ut
550 2944 761 3017 intellegamus
784 2943 1049 2999 disterminantem
1079 2961 1114 2998 ac
1148 2944 1391 3017 dissaepientem
1412 2954 1534 3006 tractus

232 3047 383 3121 longiores
405 3047 472 3119 ipsa
493 3046 682 3119 praepositio
706 3045 826 3110 suadet,
854 3061 943 3117 supra
966 3053 1069 3099 autem
1092 3061 1171 3116 quae
1195 3045 1335 3112 disserui,
1358 3047 1433 3103 iude
1455 3049 1535 3106 mihi

233 3147 346 3204 lactum
369 3158 416 3204 est
439 3148 501 3203 veri
525 3147 623 3203 simile
646 3146 704 3202 hac
725 3145 829 3200 solata
852 3145 1071 3200 intercurrente
1096 3145 1233 3200 distineri
1258 3145 1355 3202 lorum
1378 3158 1410 3203 et
1432 3149 1534 3223 Aqui·

232 3249 354 3316 ioniam,
379 3250 463 3322 quod
487 3249 510 3304 si
534 3249 576 3303 ita
602 3247 667 3313 fuit,
702 3264 764 3301 uon
792 3246 871 3301 male
895 3262 1109 3301 consummare
1142 3246 1322 3303 sacrificium
1351 3247 1462 3304 flamen
1486 3251 1534 3308 ibi

232 3350 351 3406 iubetur
372 3350 423 3405 ubi
443 3350 563 3423 utrique
586 3348 701 3420 regioni
725 3346 851 3402 confinis
876 3364 936 3401 uno
953 3347 1040 3420 quasi
1060 3349 1157 3420 gradu
1180 3367 1199 3404 a
1222 3349 1288 3405 loro
1311 3350 1432 3406 citerior
1454 3359 1532 3410 stat.

231 3453 262 3507 in
284 3469 358 3507 osca
380 3452 448 3524 lege
471 3449 576 3523 templi
598 3447 723 3504 Cerialis
745 3447 874 3503 saolztom
898 3446 1019 3524 teserem
1042 3449 1123 3521 prius
1142 3451 1266 3505 verbum
1289 3467 1380 3505 nemo
1403 3451 1532 3511 dubitat

230 3553 302 3626 quin
325 3554 363 3608 sit
388 3552 438 3607 lat.
461 3557 598 3617 sanctum,
633 3567 731 3622 noque
754 3549 921 3605 umbricum
953 3548 1037 3603 solata
1058 3549 1162 3604 solata
1189 3549 1260 3604 mihi
1289 3550 1372 3607 aliud
1405 3552 1534 3611 videtur

232 3654 331 3709 valere
355 3671 447 3727 quam
467 3659 576 3711 sancto.
614 3651 684 3707 huic
706 3653 796 3707 deest
821 3650 950 3706 fortasse
967 3651 1033 3706 viae
1050 3668 1176 3709 nomen:
1202 3650 1329 3708 Graecis
1350 3653 1380 3708 iu
1403 3654 1532 3714 tabulae

230 3753 459 3828 lapillorumque
482 3753 557 3820 lusu,
581 3770 651 3808 cum
674 3761 792 3808 ceteras
810 3751 872 3806 vias
894 3751 998 3807 media
1021 3760 1139 3807 secaret
1161 3747 1179 3824 ἡ
1202 3746 1273 3825 ἱερὰ
1296 3749 1431 3829 γραμμή,
1455 3773 1530 3828 pro·

230 3855 363 3909 verbium
387 3853 501 3910 factum
524 3865 570 3910 est
594 3852 691 3912 κινεῖν
714 3850 771 3912 τὸν
797 3847 853 3926 ἀφ’
876 3847 974 3926 ἱερᾶς,
1006 3853 1081 3908 azam
1119 3852 1218 3908 Latini
1252 3871 1346 3929 saepe
1380 3856 1531 3915 omittunt

231 3955 408 4012 Flaminiam
432 3954 575 4011 Latinam
596 3955 858 4028 compendiariam
881 3961 1039 4011 vocantes,
1076 3954 1167 4027 plane
1195 3957 1336 4028 congruit
1358 3956 1531 4015 umbricum

230 4075 342 4113 nomen
367 4074 434 4112 cum
457 4073 494 4111 eo
519 4058 604 4130 quod
626 4057 656 4111 in
679 4057 826 4112 castrensi
852 4057 1062 4112 Romanorum
1085 4057 1247 4130 disciplina
1271 4065 1422 4114 servatum
1445 4058 1530 4119 forte

229 4156 350 4212 fortuna
372 4155 513 4228 Hyginus
535 4156 651 4212 rettulit
672 4157 703 4211 iu
717 4157 888 4212 munitione
904 4166 1072 4211 castrorum
1095 4156 1210 4212 fossam
1226 4166 1258 4213 et
1274 4157 1386 4214 vallum
1408 4160 1529 4218 descri-

228 4259 303 4314 bens
332 4254 443 4332 §ass
482 4267 538 4329 per
561 4258 742 4312 latitudinem
769 4263 924 4329 portorum
952 4258 1085 4313 sz'rnililer
1099 4254 1185 4332 sessa
1201 4257 1263 4330 fiel,
1299 4260 1379 4331 quod
1403 4268 1531 4335 propter

230 4357 394 4414 brevitatem
417 4359 533 4414 lzlulum
562 4359 795 4431 cognominatum
828 4364 868 4412 est
972 4359 1105 4414 steriliter
1138 4365 1203 4414 atate
1227 4365 1333 4430 portas
1362 4363 1395 4412 ul
1422 4360 1532 4419 lz'tulus

218 4459 338 4537 fhssasl,
361 4461 401 4514 ite
424 4461 536 4515 vallum
560 4478 648 4515 causa
670 4460 867 4515 zhstruclr'onzlr
901 4467 1029 4516 sanctam
1064 4479 1120 4515 esse
1152 4460 1383 4532 cognominatum
1406 4453 1531 4541 [arant]

231 4560 322 4617 verba
345 4561 375 4617 in
398 4561 509 4617 codice
532 4562 701 4634 depravata
725 4570 793 4617 utut
816 4562 1014 4634 corrigentur,
1047 4571 1129 4616 certe
1160 4578 1222 4616 non
1256 4560 1310 4616 fuit
1332 4562 1398 4616 sani
1420 4561 1534 4623 iudicii

227 4671 376 4735 temptare
399 4663 499 4735 ipsum
531 4663 606 4717 illud
629 4669 744 4718 sunctae
767 4663 959 4730 vocabulum,
993 4664 1224 4719 instructionem
1258 4662 1398 4736 Hyginus
1426 4666 1533 4742 accipi
