3742 5364
848 342 909 401 180

229 529 496 603 quotienscunque
519 530 598 584 inter
614 529 735 585 vocales
752 528 925 594 intercedit,
947 529 1209 602 pronuntiandam
1224 545 1294 585 esse
1303 528 1326 602 j
1342 528 1440 585 latina
1454 543 1531 583 con-

229 631 360 686 suetudo
383 639 564 704 argumento
586 630 642 697 est,
668 628 738 706 [eiu
761 647 824 686 non
846 629 934 687 aliter
956 646 1048 703 quam
1064 630 1198 702 portcu'a,
1226 628 1296 702 peric
1324 629 1436 705 piceos
1464 643 1533 683 non

229 731 314 787 aliter
337 748 427 806 quam
449 730 546 804 peius',
570 749 587 786 a
610 731 753 804 gentibus
776 730 894 788 Mussia
916 730 1007 787 Curia
1030 729 1177 787 Martiale
1202 730 1344 787 Kuree'ale
1366 737 1429 787 cet.

330 832 511 887 vetustiores
534 831 658 904 irri'uper
679 831 785 887 Vebr'r'es
808 831 881 888 talia
903 830 1048 898 scribunt,
1076 832 1262 889 recentiores
1285 831 1395 904 lrrbper
1420 829 1533 889 Vehr'er.

231 934 313 989 ditate
334 934 357 990 si
380 943 463 990 recte
488 933 616 990 incisum
639 942 685 989 est
708 951 830 990 aenon
854 940 987 989 erratum
1021 950 1076 1007 per
1096 932 1214 1008 iguvini
1236 932 1369 990 nominis
1391 930 1535 989 similitu·

230 1034 333 1091 dinem
349 1031 441 1106 (VlB
455 1028 518 1109 35),
542 1035 804 1109 quemadmodum
820 1033 1009 1090 labdacismo
1022 1034 1217 1109 indulgentes
1235 1033 1318 1108 quod
1331 1050 1395 1089 non
1411 1031 1536 1105 largum

231 1137 288 1192 sed
312 1135 446 1208 llargum,
474 1142 506 1191 et
529 1134 639 1192 Graeci
663 1136 748 1210 quod
770 1135 817 1192 ius
841 1144 988 1210 tanquam
1010 1134 1192 1208 disyllabum
1220 1134 1348 1191 efferant
1380 1150 1400 1190 a
1430 1148 1536 1207 gram·

232 1236 349 1292 maricis
372 1236 589 1310 vituperantur,
613 1237 656 1294 sic
679 1236 719 1292 illi
742 1254 827 1294 suam
850 1236 1027 1294 semivocali
1042 1235 1180 1293 vocalem
1202 1235 1368 1292 iniunxisse
1387 1233 1538 1291 videntur

235 1338 321 1412 quasi
344 1345 606 1412 praetemptantcs
621 1338 686 1394 iter
709 1338 801 1397 vocis.
839 1346 946 1395 contra
969 1338 1075 1410 rirenga
1097 1355 1135 1392 ex
1157 1337 1294 1396 iuvenca.

334 1421 348 1492 'r
365 1440 416 1495 ubi
438 1440 600 1514 praecedit
621 1450 654 1496 et
673 1439 775 1496 icum
797 1438 894 1496 altera
909 1437 1007 1496 vocali
1030 1438 1210 1514 insequitur,
1234 1437 1320 1495 exilis
1342 1438 1403 1495 ista
1424 1437 1537 1495 absor-

232 1542 331 1597 betur:
359 1521 472 1596 resulta
495 1523 658 1608 terrestria,
672 1524 766 1618 saiz'u
788 1550 821 1598 et
832 1523 922 1621 salu.
961 1541 1058 1598 semel
1081 1550 1153 1616 post
1172 1542 1208 1597 d:
1232 1539 1333 1597 Hudr‘e
1353 1538 1461 1599 Herse.
1486 1539 1537 1597 bis

232 1637 357 1717 post'n:
379 1640 495 1714 rupr'nz'e
516 1640 622 1697 rubine
644 1649 676 1698 et
696 1641 795 1714 tpzirr'u
819 1643 916 1716 mrim,
939 1660 977 1701 c.
999 1642 1098 1698 minus
1122 1637 1228 1702 κλίνω.

333 1840 445 1913 longae
469 1839 591 1898 vocales
613 1839 765 1896 interdum
784 1838 938 1896 adiectam
957 1837 1072 1896 habent
1089 1848 1234 1913 tanquam
1249 1839 1465 1914 productionis
1477 1857 1538 1897 no·

233 1952 296 1999 tam
318 1940 354 1998 lt:
384 1949 444 1998 vet.
467 1940 622 1997 kunrnakle
643 1939 827 2007 kumnalrkle,
859 1941 1008 2012 persm'mu
1023 1939 1206 2013 persm'lrmu.
1250 1939 1439 1997 recentiores
1461 1956 1538 1997 cum

234 2045 366 2100 eandem
395 2050 500 2098 notam
532 2041 724 2111 adhiberent,
753 2040 888 2097 maluere
922 2041 1015 2097 etiam
1044 2041 1156 2099 vocalis
1188 2041 1319 2098 litteram
1353 2040 1538 2099 adscribere

233 2146 358 2200 iterum:
379 2142 573 2215 persnr‘br'mu,
602 2141 794 2207 cirtercrhanru,
822 2141 974 2207 conrobora,
1002 2141 1127 2210 scheme,
1162 2162 1180 2198 u
1201 2143 1293 2215 longa
1315 2158 1378 2199 non
1400 2150 1539 2217 apparet

233 2246 276 2301 ita
298 2244 451 2318 dispansa.
496 2245 599 2301 cidem
622 2245 735 2301 omisso
768 2243 874 2318 spiritu
905 2252 1024 2300 tantum
1057 2244 1188 2301 litteram
1217 2244 1332 2302 vocalis
1361 2243 1539 2318 geminant,

235 2362 326 2418 quam
350 2346 529 2419 scripturam
539 2345 656 2402 Latinis
669 2345 778 2402 Accius
801 2345 905 2413 suasit,
930 2351 984 2402 cest
1003 2346 1058 2402 ibit
1074 2354 1109 2402 ut
1124 2345 1304 2404 dinoscatur
1318 2345 1356 2403 ab
1380 2352 1422 2402 ert
1441 2341 1539 2406 ἐστίν

236 2454 268 2502 et
280 2442 403 2521 fratrer
434 2445 510 2520 plur.
544 2455 577 2502 ut
598 2446 775 2503 dinoscatur
796 2446 835 2503 ab
859 2447 950 2520 sing,
978 2449 1142 2513 ooscrclum,
1171 2448 1291 2508 serzluu.
1336 2449 1366 2504 ln
1388 2446 1539 2507 umbricis

236 2547 346 2602 tabulis
370 2546 456 2602 huius
476 2547 560 2603 modi
582 2548 723 2620 exempla
745 2547 808 2604 duo
824 2547 856 2604 in
871 2547 1003 2605 confinio
1026 2565 1167 2605 versuum
1186 2548 1288 2622 posita
1311 2542 1490 2625 alanselrlas
1504 2555 1539 2605 et

235 2642 412 2726 urrmrrsulus
434 2649 497 2704 sive
521 2647 601 2705 hanc
624 2650 663 2705 ob
687 2667 812 2706 causam
835 2649 898 2705 sive
921 2650 961 2706 ob
984 2649 1067 2706 illam
1090 2650 1329 2709 excusatissima.
1365 2666 1442 2707 cave
1458 2666 1539 2706 con·

236 2749 347 2805 lundas
370 2767 439 2805 cum
461 2749 573 2806 talibus
595 2769 634 2806 ca
652 2749 801 2808 vocabula
818 2768 897 2824 quae
920 2750 1043 2807 insitam
1065 2758 1174 2807 natura
1195 2749 1214 2806 h
1235 2760 1288 2807 aut
1303 2750 1466 2808 habuerint
1482 2760 1541 2809 aut

235 2850 390 2923 potuerint
405 2849 528 2917 habere,
553 2850 642 2907 ulrlur
658 2862 775 2918 auctor,
797 2851 880 2908 saltu
896 2852 1029 2908 rabulam
1046 2860 1195 2920 sanctam,
1217 2838 1350 2909 struhila
1370 2870 1389 2909 a
1401 2852 1540 2915 structis.

335 3046 517 3122 diphthongi
541 3066 617 3122 quas
640 3066 750 3105 vocare
773 3050 904 3106 solemus
927 3048 990 3106 lere
1012 3050 1193 3107 interierunt
1215 3052 1246 3107 in
1260 3049 1392 3108 Vmbris.
1427 3050 1461 3105 ω’
1480 3068 1542 3108 no·

235 3149 366 3205 minibus
389 3149 548 3222 gentiliciis
572 3150 693 3205 duobus
717 3150 863 3207 remansit
887 3149 986 3207 Kor'st's
1009 3160 1041 3207 ct
1063 3151 1214 3208 llu'sr'ener.
1237 3149 1425 3207 declinando
1448 3152 1543 3225 quod

236 3250 336 3306 extitit
352 3250 462 3323 pertula
485 3250 516 3306 id
539 3268 600 3310 rec.
617 3261 649 3306 et
664 3251 832 3322 persumet
846 3260 971 3325 persora
995 3251 1140 3320 scribunt,
1164 3252 1202 3311 cl.
1219 3249 1355 3308 Auuaius
1371 3249 1539 3313 Annaeum

337 3352 371 3406 ui
391 3350 466 3408 abiit
487 3351 518 3406 in
540 3370 563 3418 e,
586 3349 701 3407 kueslur
722 3351 869 3424 quaistor,
897 3351 962 3409 dat.
986 3352 1113 3408 Itbvezire
1135 3352 1290 3427 lgovinae.
1329 3355 1438 3409 rneslru
1460 3370 1543 3411 con·

236 3462 366 3510 tractum
387 3471 425 3510 ex
448 3452 571 3508 irrutilru
593 3452 745 3525 magistra.
1547 3524 1553 3533 ·

335 3555 363 3610 oi
388 3554 418 3610 in
448 3553 602 3610 declinatu
625 3552 658 3609 fit
680 3572 707 3621 e,
742 3557 805 3614 dat.
823 3555 912 3628 puple
933 3555 1048 3630 poploi.
1084 3553 1189 3611 Vmbri
1212 3554 1320 3610 kuralu
1342 3561 1376 3610 et
1395 3556 1545 3615 muneklu

237 3656 344 3729 quibus
367 3655 398 3711 in
421 3654 521 3712 verbis
543 3654 767 3728 diphthongum
790 3656 891 3713 Latini
913 3657 966 3713 diu
988 3666 1155 3716 servarunt.

338 3756 365 3812 ei
384 3763 442 3814 vet.
465 3763 513 3811 ter
534 3754 703 3812 adhibuere
726 3756 908 3832 diphthongi
930 3757 1009 3832 loc0,
1032 3757 1102 3814 vide
1121 3776 1150 3832 p.
1167 3759 1236 3825 179,
1257 3773 1318 3815 rec.
1340 3772 1395 3830 pro
1419 3774 1435 3811 e
1456 3758 1510 3815 vel
1533 3760 1550 3817 i

237 3859 341 3933 pingui
365 3857 570 3932 frequentant,
594 3876 661 3914 aves
683 3858 745 3914 auis
767 3859 856 3927 aveir,
879 3868 932 3932 nep
955 3859 1033 3931 erip,
1064 3858 1161 3915 berler
1183 3858 1382 3933 corrumpitur
1401 3858 1436 3915 in
1457 3857 1546 3919 herle

236 3957 316 4015 herti
333 3959 431 4027 hertei,
453 3969 486 4016 ut
509 3959 588 4017 scias
611 3960 805 4034 pinguiorem
827 3961 963 4017 vocalem
985 3976 1049 4016 non
1071 3976 1168 4033 usque
1192 3977 1313 4034 quaque
1335 3960 1479 4035 produci.

337 4080 377 4116 au
399 4061 512 4118 abiisse
533 4062 565 4118 in
589 4081 603 4118 o
627 4055 674 4118 vel
697 4062 794 4120 Plauti
816 4062 962 4120 memoria
985 4067 1131 4120 testatur:
1169 4067 1210 4118 ote
1233 4070 1302 4130 aut,
1333 4066 1397 4117 loru
1418 4068 1544 4133 taur08,

238 4161 326 4218 rdrlzcr
348 4171 464 4222 auctor.
509 4164 619 4220 ueslr'cus
642 4172 834 4220 contractum
856 4182 895 4221 ex
922 4163 1059 4220 veslr'caus
1082 4162 1240 4219 uertr'calrus
1262 4160 1439 4240 vestr‘casust.
1473 4166 1543 4223 dis·

238 4265 404 4338 iunguntur
425 4265 548 4322 vocales
570 4266 600 4321 in
621 4265 744 4322 subocau
768 4274 800 4322 et
822 4266 961 4323 scribitur
981 4265 1137 4322 subocauu.

337 4385 372 4422 ou
395 4367 469 4423 abiit
491 4367 521 4422 in
543 4386 571 4425 u:
595 4372 653 4422 tola
675 4385 730 4441 pro
754 4369 873 4435 toutad,
897 4366 965 4445 rrffu
987 4368 1079 4424 robes
1102 4385 1156 4441 pro
1178 4367 1278 4424 roufis.

338 4486 372 4522 eu
394 4467 580 4524 declinando
614 4475 667 4524 aut
690 4468 888 4542 praefigendo
912 4476 1010 4526 ortum
1038 4469 1069 4524 in
1093 4474 1195 4524 euroni
1214 4468 1332 4536 eidem,
1367 4472 1454 4525 tertre
1471 4488 1546 4531 em

240 4567 348 4625 dextro
371 4569 401 4625 in
424 4587 540 4637 umer0,
565 4568 743 4644 bisyllabum
767 4570 918 4630 videlicet.
