3742 5364
229 344 318 406 mss
843 342 904 403 160

230 525 372 589 uvikum
393 525 524 588 habetu
544 521 853 606 fratruspelAtiie·
906 528 1026 585 solitam
1039 528 1123 603 apud
1135 546 1224 586 ovem
1239 528 1356 587 habeto
1367 547 1425 607 pro
1435 528 1539 589 fratri·

230 629 296 701 die,
333 626 489 709 ahtisper
522 624 723 697 eikvasatiS,
763 634 852 687 tuta·
905 624 1125 705 buslAtiediis,
1135 647 1190 704 pro
1198 630 1292 687 sacris
1301 630 1539 708 paganicis,pro

230 749 295 810 per
319 730 328 801 l
349 726 491 798 limina,
533 724 676 808 trefiper
711 725 853 788 Iiuvina.
868 749 893 786 so
908 730 1031 787 civitate
1044 728 1201 806 [Iguvium
1222 747 1279 806 pro
1299 732 1377 788 tribu
1394 731 1539 807 iguvina.

232 828 349 911 sakrel
369 836 469 891 vatra
491 824 602 889 ferine
623 824 718 899 feitu,
743 827 854 888 eruku
905 847 1025 888 sacrum
1047 824 1051 908 Ι
1072 840 1156 889 vatra
1183 831 1300 889 serione
1326 830 1434 901 facito,
1464 850 1540 891 cum

232 930 353 994 aruvia
389 927 484 992 feitu.
542 947 643 990 uvem
675 925 679 1009 l
707 932 855 1008 pedaem
906 948 944 988 eo
976 933 1058 990 arvia
1090 932 1192 993 facito.
1236 949 1326 991 ovem
1346 926 1542 1011 {pedarium

231 1032 377 1113 pelsanu
408 1028 502 1094 feitu.
548 1027 672 1091 ererek
695 1038 778 1091 tuva
806 1036 856 1091 te·
906 1033 1090 1106 pelsandum
1129 1035 1233 1092 facito.
1287 1035 1354 1092 eius
1386 1036 1454 1094 duo
1492 1044 1541 1093 te·

231 1131 298 1215 fral
320 1131 515 1214 spantimad
536 1129 736 1211 prusekatu,
764 1130 854 1193 edek
867 1155 892 1193 n
907 1133 951 1191 fra
991 1128 995 1212 l
1040 1135 1081 1193 ad
1125 1137 1204 1195 latus
1248 1144 1428 1211 prosecato,
1506 1137 1543 1195 id

332 1341 373 1399 30
393 1338 480 1396 sakre
501 1338 588 1413 quod
610 1356 677 1394 ove·
690 1336 773 1412 prius
797 1338 845 1394 dis
868 1337 1022 1396 obtulerat
1045 1340 1189 1413 magister
1211 1338 1283 1397 facit
1295 1335 1413 1415 serene,
1436 1339 1543 1399 idest

231 1442 262 1498 in
284 1440 397 1498 ferculo
419 1439 466 1495 vel
488 1439 671 1515 repositorio
695 1439 742 1494 vel
765 1456 873 1497 mensa
893 1445 990 1509 vetra,
1020 1457 1058 1497 ea
1079 1457 1139 1515 qua
1160 1446 1268 1498 aetnae
1291 1439 1355 1498 fieri
1377 1442 1540 1512 adsolent,

231 1550 264 1600 ut
286 1541 428 1601 Plautino
450 1542 600 1600 vocabulo
623 1550 699 1610 utar,
724 1542 829 1601 extari.
846 1542 1052 1616 adposueram
1067 1542 1139 1599 olim
1162 1542 1327 1600 lanionium
1349 1543 1539 1603 instrumen-

231 1652 296 1701 tum
319 1644 458 1719 cogitans
481 1641 581 1719 Cyrilli
596 1643 716 1717 glossas
739 1637 990 1717 κοπανιστήριον
1010 1641 1199 1708 harenarium,
1221 1638 1368 1704 κόπανον
1384 1643 1540 1703 bactulunr

232 1743 314 1821 (lege
341 1742 504 1820 battulurn),
539 1743 698 1801 Philoxeni
721 1743 828 1800 bnttrn't
847 1740 1049 1819 κατακόπτει,
1074 1745 1194 1801 interim
1214 1744 1293 1802 iusto
1314 1744 1379 1803 iure
1402 1745 1541 1805 conferri

232 1847 369 1905 vetillum
391 1848 470 1905 inter
492 1864 577 1906 sacra
593 1845 740 1903 Romanis
764 1844 933 1902 adhibitum
949 1854 981 1902 et
997 1845 1174 1903 culinarium
1189 1845 1322 1903 maxime
1345 1863 1425 1921 opus
1448 1848 1541 1923 tangi

232 1968 261 2024 p.
274 1951 313 2009 63
337 1949 499 2007 declaravi.
544 1956 652 2006 contra
674 1949 825 2023 posterior
846 1966 923 2023 quae
954 1949 1109 2007 immolata
1141 1956 1190 2005 est
1220 1948 1286 2005 ovis
1318 1946 1402 2006 humi
1436 1956 1541 2009 strata

232 2050 378 2109 caeditur.
422 2069 484 2108 una
505 2068 574 2107 cum
596 2050 682 2107 sakri
698 2051 845 2125 magister
868 2049 959 2108 facito
983 2051 1102 2118 arnoia,
1136 2067 1218 2126 quae
1247 2049 1322 2107 alias
1351 2050 1438 2109 arw'a
1459 2050 1540 2109 scri·

232 2152 358 2212 buntur:
381 2152 513 2227 liquidae
535 2160 645 2209 natura
661 2151 720 2208 hoc
735 2153 858 2209 insitum
873 2160 921 2208 est
937 2161 970 2208 ut
990 2152 1216 2209 internascatur
1237 2149 1361 2219 vocalis,
1384 2149 1541 2207 Arenien·

234 2270 298 2310 sem
322 2253 432 2309 tribum
454 2270 510 2327 pro
523 2253 664 2310 Amiensi
687 2252 716 2310 in
742 2253 829 2309 titulo
853 2253 947 2310 latino
969 2271 1019 2309 me
1042 2254 1143 2328 legere
1166 2251 1289 2311 memini
1299 2245 1389 2326 (CIL.
1402 2249 1435 2307 II
1447 2248 1540 2327 105),

234 2355 309 2428 legis
333 2355 428 2411 modo
451 2353 531 2411 hanc
554 2353 736 2428 epenthesin
759 2353 833 2411 Osci
855 2353 1055 2430 Paelignique
1083 2355 1292 2421 observarunt,
1326 2351 1376 2410 hic
1399 2371 1420 2408 u
1441 2353 1542 2411 inter-

233 2455 313 2512 iecta
337 2464 385 2512 est
407 2463 516 2530 utpote
538 2455 663 2511 minime
691 2455 811 2512 diversa
844 2474 862 2512 a
895 2457 1103 2530 subsequente
1132 2472 1150 2511 v
1183 2454 1221 2514 ci.
1245 2455 1389 2530 irrgenuvo
1420 2453 1542 2512 Vesoe'us

234 2557 301 2616 alia.
344 2564 515 2613 memoratu
539 2557 666 2630 dignum
689 2564 720 2612 et
743 2557 916 2613 examinatu
939 2556 1151 2613 testimonium
1175 2557 1216 2613 de
1244 2556 1422 2631 spondiacis
1450 2554 1542 2615 Lati·

233 2674 342 2713 norum
365 2656 502 2713 versibus
526 2656 612 2713 Beda
636 2657 712 2713 dixit
734 2657 763 2714 in
787 2667 851 2715 arte
870 2659 996 2715 metrica
1020 2656 1095 2729 (VII
1118 2675 1149 2732 p.
1165 2658 1227 2715 250
1240 2652 1299 2733 Kl:
1322 2651 1444 2731 ‘recipit
1464 2665 1501 2715 et
1522 2677 1542 2715 r

202 2830 206 2837 ι
233 2757 334 2814 littera
353 2756 539 2815 solutionem
625 2777 663 2816 ea
690 2759 787 2816 vocali
821 2777 899 2834 quae
930 2776 1124 2834 nequaquam
1153 2759 1307 2834 adscripta
1330 2758 1432 2816 estin
1453 2775 1540 2818 sono

234 2858 317 2914 vocis
340 2859 504 2933 adsumpta
528 2877 619 2935 super
641 2860 823 2918 adcrescere
846 2869 966 2918 tantum
990 2861 1106 2936 syllaba
1130 2860 1287 2918 consuevit
1314 2867 1347 2916 ut
1369 2860 1425 2916 illi
1443 2862 1542 2919 conti·

234 2977 290 3015 nno
310 2965 444 3015 statuunt
468 2965 512 3016 ter
540 2960 613 3016 dena
641 2962 785 3035 argenti.
805 3005 811 3019 .
831 3005 837 3019 .
856 2962 898 3017 ita
921 2978 1026 3018 versus
1049 2960 1138 3018 huius
1164 2961 1248 3018 modi
1281 2961 1349 3018 illos
1381 2962 1542 3021 scandere

234 3060 366 3117 voluisse
396 3077 475 3127 reor,
508 3067 541 3116 ut
567 3061 676 3117 addita
703 3061 732 3117 in
761 3078 839 3118 sono
862 3063 958 3119 vocali
981 3079 1074 3137 quam
1095 3080 1158 3118 non
1182 3061 1366 3131 scribebant,
1393 3062 1542 3138 dactylus

234 3162 335 3236 potius
358 3179 450 3236 quam
472 3162 629 3235 spondeus
652 3163 805 3231 existeret,
823 3206 829 3221 .
843 3209 848 3222 .
863 3207 869 3222 .
884 3162 1075 3238 denarigenti.
1098 3163 1183 3237 quod
1194 3163 1267 3220 ideo
1284 3162 1382 3238 magis
1398 3181 1417 3219 r
1431 3163 1541 3223 littera

234 3280 326 3337 quam
349 3271 470 3319 ceterae
493 3271 701 3320 consonantes
723 3265 844 3338 patitur,
878 3264 949 3338 quia
978 3281 1059 3338 quae
1088 3264 1193 3321 durius
1221 3264 1399 3321 naturaliter
1433 3274 1542 3335 sonat,

235 3362 340 3419 durior
361 3363 495 3421 efficitur
511 3381 581 3420 cum
595 3364 635 3420 ab
651 3365 717 3421 aliis
741 3365 982 3422 consonantibus
1006 3365 1163 3439 excipitur,
1186 3373 1278 3440 atque
1298 3364 1371 3421 ideo
1389 3381 1487 3423 sonus
1511 3367 1544 3424 ei

235 3464 347 3521 vocalis
379 3465 556 3539 adponitur,
590 3466 675 3522 cuius
702 3474 949 3541 temperamento
977 3465 1042 3522 eius
1070 3466 1219 3541 levigetur
1245 3466 1403 3541 asperitas.
1448 3470 1542 3541 quod

234 3566 326 3623 etiam
350 3567 379 3622 in
392 3567 565 3624 cantilenis
588 3567 805 3624 ecclesiasticis
829 3584 922 3642 saepe
945 3568 976 3623 in
998 3568 1108 3624 eadem
1131 3586 1149 3622 r
1170 3567 1270 3625 littera
1287 3568 1540 3625 tacereconsue·

234 3661 326 3725 runt'.
370 3666 490 3725 mollius
515 3684 591 3725 sane
613 3666 642 3723 hi
665 3685 769 3724 versus
792 3676 906 3725 exeunt
928 3667 1071 3724 radicitus
1093 3666 1263 3735 exturbata,
1287 3666 1412 3725 luctibus
1433 3673 1541 3726 exter·

234 3770 327 3835 navit,
349 3787 432 3826 rerer
455 3776 646 3843 aspernatast,
679 3769 871 3843 Amphitriten
909 3787 1000 3844 quam
1032 3770 1145 3825 moenia
1167 3774 1361 3837 vexarentur,
1393 3767 1544 3828 Nereides

235 3871 423 3938 admiranter,
448 3872 543 3945 magis
566 3869 783 3927 increbrescunt
803 3869 927 3940 (Catulli
949 3868 1170 3946 epithalamio).
1208 3871 1249 3927 ad
1272 3870 1407 3927 umbrica
1430 3876 1465 3927 ut
1488 3888 1542 3929 re·

235 3972 336 4038 deam,
359 3979 481 4046 praeter
494 3972 606 4028 salvom
628 3972 743 4027 snlnnrn
765 3971 861 4028 incisa
874 3971 1011 4029 videmus
1025 3973 1154 4029 salntem
1176 3971 1282 4030 raluoa
1304 3971 1379 4029 locis
1393 3970 1536 4046 singulis,

336 4075 375 4133 33
399 4073 507 4131 ovillas
531 4073 630 4132 carnis
654 4072 750 4131 frusta
765 4074 818 4130 ,bis
833 4073 917 4140 bina,
942 4074 1034 4130 semel
1051 4074 1107 4132 tria
1119 4075 1160 4132 ad
1178 4073 1275 4130 varias
1296 4078 1410 4147 rpentes
1430 4088 1541 4149 prose·

235 4181 351 4242 cantur,
375 4191 451 4248 quas
468 4176 625 4250 spatiosae
641 4175 683 4230 rei
707 4191 776 4231 esse
791 4175 867 4231 fines
883 4175 928 4231 vel
945 4174 1039 4231 latera
1055 4175 1086 4230 in
1107 4172 1355 4248 interpretatione
1368 4172 1494 4231 tabulae
1511 4174 1543 4233 II

235 4293 264 4349 p.
281 4278 338 4336 135
352 4277 423 4337 dixi.
455 4294 492 4331 ex
509 4295 561 4334 ara
577 4276 672 4334 latera
690 4276 746 4332 tria
764 4275 922 4332 metienda
934 4275 1072 4343 arbitror,
1095 4275 1151 4332 etsi
1173 4293 1236 4332 non
1258 4274 1348 4332 adest
1362 4273 1448 4347 quod
1462 4290 1542 4333 arae

235 4394 292 4434 nos
316 4376 572 4434 commonefaciat
594 4395 717 4453 nornen,
741 4377 798 4433 sed
820 4376 982 4450 procubuit
1004 4376 1069 4432 ovis
1085 4384 1157 4432 ante
1178 4394 1271 4454 aram,
1295 4384 1326 4433 et
1348 4374 1482 4449 oppositi
1507 4375 1543 4435 hi

234 4486 334 4534 motus
357 4485 427 4535 sunt
449 4477 558 4534 dextro
574 4495 644 4534 arae
667 4476 781 4545 cornui,
807 4479 872 4535 solo
889 4478 934 4533 vel
951 4477 1070 4546 foveae,
1093 4478 1167 4534 locis
1187 4476 1320 4534 interiori
1336 4483 1368 4532 et
1388 4476 1544 4550 superiori

236 4579 366 4639 sacrarii.
410 4577 504 4653 ipsius
527 4578 591 4635 ovis
614 4579 710 4637 latera
734 4580 778 4636 vel
802 4579 901 4654 spatia
918 4578 1014 4635 divisa
1029 4579 1054 4634 si
1076 4578 1237 4652 intellegas
1264 4576 1307 4634 sic
1329 4585 1363 4633 ut
1384 4576 1543 4651 prosiciae

235 4680 312 4736 aliae
335 4680 394 4737 alia
415 4679 550 4753 corporis
574 4688 663 4754 parte
686 4682 878 4752 excidantur,
914 4697 1020 4737 vereor
1041 4697 1081 4735 ne
1105 4679 1356 4754 vituperationem
1376 4694 1440 4734 non
1462 4678 1543 4739 effu·
