3742 5364
462 1099 689 1175 TABVLA
727 1098 862 1177 1(1310)
897 1100 964 1159 ET
993 1099 1169 1179 Vllntss)
1206 1104 1285 1163 v11
1361 1107 1364 1112 ⁴

694 1233 832 1281 nopvm
851 1234 1067 1283 Lvsrnnrro

331 1416 471 1490 Sequitur
494 1432 531 1469 ea
556 1413 601 1468 lex
618 1430 698 1485 quae
722 1419 884 1468 exercetur
903 1411 933 1467 in
950 1413 1052 1485 populi
1069 1412 1184 1486 lguvini
1207 1414 1398 1474 lustratione.
1423 1434 1535 1490 quem·

229 1519 397 1576 admodum
421 1517 460 1572 de
484 1516 560 1571 arcis
584 1514 730 1588 iguvinae
756 1513 932 1586 expiatione
957 1513 1055 1586 legem
1079 1515 1247 1587 pleniorem
1271 1535 1307 1572 ex
1332 1535 1403 1574 aere
1427 1519 1535 1578 latinis

232 1621 338 1677 litteris
364 1619 509 1692 inscripto
532 1617 750 1691 interpretatus
774 1632 856 1680 sum,
880 1617 1028 1671 vetustius
1052 1626 1156 1672 autem
1184 1635 1238 1674 aes
1262 1636 1298 1675 ac
1321 1619 1440 1678 brevius
1464 1621 1535 1694 qui·

231 1724 287 1779 bus
310 1722 339 1777 in
363 1721 453 1775 rebus
479 1720 517 1775 ab
542 1718 591 1774 illa
614 1718 682 1790 lege
704 1715 840 1771 differret
862 1717 1117 1783 commemoravi,
1141 1718 1186 1774 sic
1208 1736 1288 1775 nunc
1310 1737 1435 1794 quoque
1457 1739 1536 1777 aera

230 1831 378 1880 sextum
402 1821 529 1879 Basss.
564 1828 596 1875 et
627 1817 825 1892 septimum
849 1818 1092 1885 commentabor,
1116 1820 1297 1892 exprimo
1321 1820 1451 1880 Bmss.
1475 1823 1535 1879 ad·

230 1924 347 1981 notabo
361 1940 439 1996 quae
454 1921 639 1995 discrepant.
674 1937 784 1992 nempe
801 1905 960 1976 vetustatis
982 1921 1105 1976 nomine
1118 1919 1161 1976 VI
1178 1928 1210 1976 et
1225 1919 1283 1976 VII
1305 1922 1429 1996 reliquis
1444 1931 1536 1997 post·

230 2043 356 2101 ponere,
372 2023 429 2079 etsi
451 2031 558 2078 contra
573 2039 670 2095 nuper
686 2020 874 2092 disputatum
890 2028 947 2087 est,
971 2037 1030 2093 ego
1047 2038 1086 2075 ne
1103 2020 1253 2077 tantulum
1269 2022 1394 2096 quidem
1410 2024 1534 2085 dubito,

230 2128 399 2184 litteratura
423 2125 530 2191 latina,
565 2124 589 2178 si
619 2121 738 2195 priscae
759 2119 916 2176 latinitatis
939 2129 1137 2177 monumenta
1163 2122 1342 2192 contuleris,
1374 2123 1535 2183 Sullanam

230 2228 446 2303 potiusquam
471 2222 685 2280 Gracchanum
705 2228 840 2277 aetatem
864 2221 919 2276 tibi
952 2220 1064 2277 reterre
1088 2223 1254 2293 videbitur;
1290 2235 1377 2282 tusce
1410 2226 1535 2301 scripti·

231 2337 327 2385 tatum
349 2344 418 2382 esse
442 2325 537 2398 Iguvii
561 2340 622 2398 quo
647 2332 783 2396 tempore
806 2323 914 2379 civitas
937 2340 1064 2378 romana
1087 2326 1229 2382 omnibus
1254 2326 1369 2384 Italicis
1394 2327 1469 2385 data
1491 2328 1536 2386 sit

232 2438 284 2486 aut
307 2429 388 2485 adeo
411 2428 468 2483 sub
491 2443 616 2500 regnum
642 2424 771 2497 Augusti
793 2441 917 2498 prorsus
947 2424 1123 2480 incredibile
1147 2435 1203 2485 est.
1248 2436 1341 2484 antea
1364 2447 1443 2502 quae
1467 2429 1536 2487 dis·

233 2529 313 2586 serui
336 2528 376 2583 de
399 2527 559 2584 vocabulis⁴
580 2526 713 2600 pluriens
736 2525 887 2600 repetitis
921 2524 1030 2581 iterum
1054 2543 1209 2600 exponere
1233 2528 1328 2584 visum
1349 2537 1396 2585 est
1425 2547 1535 2604 super·

232 2648 411 2687 vacaneum.
456 2629 540 2702 quod
564 2628 589 2684 si
612 2645 718 2700 parum
741 2628 810 2682 novi
834 2646 913 2683 nunc
929 2627 1091 2699 protulisse
1107 2629 1243 2697 videbor,
1269 2630 1535 2689 confirmabuntur

232 2740 334 2788 tamen
357 2730 608 2803 interpretatione
631 2747 701 2784 mea
724 2746 803 2803 quae
826 2729 875 2784 alii
898 2736 982 2784 recte
1005 2729 1205 2798 invenerunt,
1234 2740 1265 2788 et
1288 2741 1336 2788 est
1358 2732 1476 2806 aliquid
1499 2733 1534 2791 iu

229 2832 287 2888 hac
309 2832 435 2905 quidem
458 2831 619 2905 disciplina
643 2831 735 2887 etiam
759 2831 928 2905 exstirpare
957 2848 1077 2887 errores
1110 2848 1171 2904 quo
1201 2833 1289 2889 citius
1324 2834 1407 2890 bona
1438 2851 1534 2907 seges

228 2942 411 2990 succrescat.
455 2932 600 2988 Vmbrica
629 2931 798 2987 transcribo
830 2949 866 2986 ex
892 2931 936 2986 eis
962 2931 1074 2987 tabulis
1097 2950 1172 3006 quas
1197 2933 1299 3007 amplo
1322 2942 1354 2990 ot
1377 2936 1474 2991 docto
1497 2935 1535 2990 li·

227 3037 280 3091 bro
304 3035 345 3090 de
367 3034 412 3090 his
436 3033 639 3090 monumentis
663 3033 782 3088 interim
807 3032 927 3089 Parisiis
952 3033 1039 3088 odito
1062 3032 1194 3089 lllichael
1220 3033 1305 3091 Breal
1328 3035 1479 3094 adiunxit.

272 3329 366 3392 Pone
386 3329 492 3410 poplo
514 3328 610 3390 afero
632 3328 760 3399 henes·
779 3327 889 3391 avifm
946 3334 1023 3390 Cum
1053 3334 1200 3408 populum
1220 3335 1411 3391 circumferre
1435 3336 1533 3407 volet,

329 3537 408 3593 VlB
432 3540 472 3596 48
496 3535 591 3612 osero.
636 3538 753 3611 plenius
787 3538 932 3611 scriptum
962 3547 1011 3593 est
1038 3537 1119 3594 VlA
1147 3540 1181 3594 19
1206 3536 1372 3615 ouscrcucr,
1405 3555 1535 3614 compo·

232 3639 322 3696 situm
344 3638 428 3694 enim
451 3639 575 3694 verbum
599 3656 729 3695 cumea
752 3638 981 3712 praepositione
1005 3649 1051 3695 est
1075 3657 1166 3712 quam
1194 3639 1245 3697 lat.
1270 3638 1446 3712 auqm'roet
1469 3659 1535 3696 um-

225 3741 340 3812 plcclor
369 3737 493 3794 habent.
538 3739 662 3796 Aeneas
685 3740 801 3814 Vergili
832 3748 996 3814 postquam
1031 3757 1143 3814 corpus
1177 3739 1287 3796 Miseni
1318 3740 1364 3795 sui
1401 3739 1534 3802 flammis

233 3840 368 3904 tradidit,
392 3846 435 3895 tcr
453 3842 541 3896 socios
555 3850 637 3914 puro
654 3842 834 3897 circumtulit
847 3843 927 3896 undu
949 3850 1091 3914 spargens
1113 3861 1180 3897 rorc
1205 3843 1266 3898 lcvi
1281 3848 1308 3898 cl
1327 3861 1409 3899 ramo
1422 3842 1535 3920 felicis

232 3942 327 3998 olibae
349 3940 540 4013 lustravitque
563 3942 641 3997 uiros
661 3939 793 4000 V1229.
836 3942 886 3997 ubi
910 3942 1032 3998 Servius
1056 3943 1237 3998 circumtulit
1257 3961 1327 4000 esse
1350 3944 1392 4000 ait
1409 3952 1533 4018 purga·

230 4043 278 4108 uit,
300 4060 368 4097 num
391 4041 525 4096 lustratio
549 4060 566 4095 u
589 4042 805 4097 circumlatione
828 4043 904 4097 dictu
920 4049 961 4098 cst
974 4044 1021 4100 ocl
1038 4045 1138 4099 locdue
1159 4045 1207 4099 ocl
1226 4043 1363 4122 sulfuris.
1402 4042 1533 4104 Plautus

232 4142 462 4217 Amphitruonis
487 4143 546 4200 775
580 4144 652 4216 quin
686 4150 715 4199 lu
738 4144 831 4199 istunc
858 4142 937 4199 iubes
958 4152 1018 4216 pro
1041 4146 1150 4200 cerritu
1173 4142 1385 4222 circumferri?
1428 4144 1460 4201 id
1484 4155 1535 4205 est

222 4246 319 4317 piari.
364 4242 482 4300 Nonius
516 4261 544 4317 p.
568 4247 626 4303 261
662 4246 770 4300 circum
789 4264 853 4300 crrc
886 4252 926 4301 csl
952 4247 1077 4319 proprie
1101 4248 1258 4302 lustrurc.'
1289 4247 1429 4302 Lucilius
1448 4253 1533 4304 salu·

228 4364 332 4402 rurum
354 4344 402 4402 lib.
429 4345 472 4400 II
487 4339 557 4399 ‘lum
569 4345 655 4422 sacto
676 4346 770 4401 ouiuio
792 4352 861 4400 sucu
882 4342 1082 4402 ct'rcumlulus'
1107 4348 1156 4403 ubi
1173 4336 1396 4404 restituendum
1412 4366 1450 4403 ex
1474 4349 1533 4406 ali·

230 4457 305 4521 quot
321 4445 480 4503 codicibus
498 4464 611 4502 censeo
624 4446 724 4523 sacto,
749 4447 981 4520 adiungendum
997 4458 1101 4504 autem
1118 4449 1202 4522 quod
1220 4467 1256 4504 ex
1274 4450 1386 4505 eodem
1408 4447 1486 4505 libro
1501 4448 1533 4507 11

229 4548 311 4604 idem
333 4546 451 4603 Nonius
474 4566 503 4621 p.
517 4549 577 4606 335
600 4548 759 4620 prompsit,
782 4549 979 4618 circumlatus,
1005 4548 1156 4614 lustratu’,
1184 4551 1295 4623 pictus.
1340 4547 1533 4610 Claudianus

229 4650 269 4708 de
294 4649 335 4706 VI
358 4667 442 4710 cone.
458 4648 539 4708 Hou.
556 4651 617 4709 324
639 4643 808 4706 ‘lustralem
831 4651 874 4708 sic
897 4650 952 4707 rite
977 4651 1076 4708 facem
1099 4695 1127 4712 ..
1151 4653 1263 4709 circum
1284 4651 1419 4708 membra
1447 4661 1533 4714 rotat
1634 4643 1637 4646 ¹
