3742 5364
703 370 742 432 73
1114 364 1177 426 Vln
1188 367 1227 427 22
1240 393 1279 418 =
1294 367 1375 428 libb

72 574 213 645 totaper
233 561 376 625 Iiovina.
401 578 496 621 serso
519 556 602 629 fetu,
625 555 699 635 pel·
750 576 805 632 pro
821 560 895 615 urbe
908 558 1044 631 lguvina.
1065 559 1179 615 sedens
1193 557 1297 625 facito,
1312 560 1375 634 pel·

73 686 159 728 sana
195 664 282 745 fetu,
320 660 418 724 arvlo
456 658 557 730 scitu,
596 653 699 737 ponii
751 661 865 716 sandas
891 659 994 727 facit0,
1023 659 1105 716 arvia
1128 659 1233 726 facito,
1266 654 1377 738 poscal

72 766 156 839 fetu,
186 765 271 827 tasis
294 761 462 844 pesnimu.
507 755 699 838 prosesetir
751 761 853 829 facito,
894 762 1004 818 tacitus
1037 770 1188 834 precator.
1226 763 1375 835 prosectis

73 862 210 940 strusla‚
252 863 333 925 ficla
369 861 513 923 arveitu.
580 867 700 919 suront
750 862 936 927 struiculam‚
980 861 1094 918 fitillam
1132 863 1249 920 addito.
1302 865 1376 919 item

72 977 206 1039 naratU,
236 985 322 1046 puse
345 963 482 1024 verisco
505 958 698 1021 Trebianir.
752 971 875 1020 narrato
907 969 940 1016 ut
963 963 1004 1017 ad
1034 971 1156 1036 portam
1178 963 1375 1022 Treblauam.

72 1067 155 1149 Ape
177 1067 306 1129 habina
341 1061 564 1145 purdinsus,l
596 1069 695 1122 eront
709 1083 736 1120 24
751 1063 812 1119 Vbi
855 1063 1006 1118 habinnas
1049 1065 1226 1136 porrexerit,
1257 1061 1262 1140 Ι
1292 1065 1375 1122 idem

72 1274 174 1332 machi
197 1273 231 1331 fr.
254 1265 338 1350 250).
385 1270 533 1327 transiere
557 1268 732 1325 animalium
755 1267 880 1323 nomina
910 1267 950 1323 ad
973 1266 1113 1323 homines
1135 1267 1291 1342 pleraque,
1315 1269 1375 1326 hoc

74 1374 210 1431 nobilem
232 1375 312 1431 inter
334 1372 509 1447 Campanos
533 1370 711 1445 lapidarium
735 1368 895 1424 Petronius
927 1369 1046 1426 ornavit
1068 1377 1124 1428 sat.
1148 1370 1191 1428 65
1217 1369 1377 1426 Habinnas

73 1477 154 1532 sevir
177 1481 223 1534 esi.

175 1577 273 1632 redens
285 1572 383 1650 factio
406 1575 465 1630 hoc
488 1573 669 1631 sacrificium
693 1581 801 1639 totum,
826 1573 918 1646 paulo
942 1581 1014 1630 ante
1036 1575 1375 1632 tantumcommolebat

75 1680 199 1736 sedens.
223 1676 398 1733 Macrobius
422 1684 479 1734 sat.
503 1674 583 1741 110,
597 1677 634 1732 21
669 1672 769 1747 Opem
791 1682 902 1730 terram
925 1693 994 1730 esse
1017 1676 1178 1732 declarans
1201 1675 1272 1732 huie
1294 1678 1374 1733 deae

75 1778 223 1834 sedentes
247 1785 317 1832 vota
340 1776 504 1849 concipere
527 1782 699 1848 terramque
716 1775 756 1829 de
772 1774 923 1831 industria
945 1784 1074 1848 tangere
1097 1786 1210 1845 narrat,
1234 1779 1375 1834 mulieres

76 1879 125 1934 dis
149 1877 280 1951 plurimis
304 1884 470 1950 operantur
492 1876 638 1931 sedentes
654 1874 704 1944 (N.
721 1873 867 1933 Heinsius
884 1877 923 1932 ad
935 1874 1026 1932 Ovidi
1039 1895 1097 1935 am.
1111 1877 1141 1933 Π
1158 1871 1277 1955 13,17).
1302 1887 1374 1936 ante

74 1980 150 2036 illud
173 1977 333 2056 zedesfetu
354 1979 385 2034 in
409 1994 479 2034 aere
502 1977 514 2032 l
538 1977 596 2033 hoc
618 1977 743 2032 additur
771 1983 855 2050 purte
878 1978 978 2032 arrone
989 1976 1079 2054 fetu,
1101 1982 1186 2053 quod
1209 1981 1249 2036 ad
1272 1981 1374 2037 locum

75 2089 218 2154 spectare
242 2081 338 2153 primo
362 2080 471 2136 obtutu
496 2079 610 2135 senties
631 2078 886 2152 interpretarique
903 2079 1064 2135 conaberis
1085 2080 1223 2137 adhunc
1245 2083 1372 2138 modum

68 2186 135 2255 post
155 2183 251 2237 altare
263 2180 370 2258 factio,
394 2189 427 2236 ut
450 2181 571 2236 bustum
594 2180 695 2236 ovium
726 2179 779 2236 liat
808 2198 870 2236 non
898 2190 970 2237 ante
995 2199 1079 2238 aram
1103 2190 1156 2238 aut
1179 2200 1250 2238 eum
1274 2184 1376 2239 locum

74 2283 127 2356 qui
151 2300 218 2339 aras
242 2271 381 2345 sustinet,
406 2282 458 2337 ubi
480 2281 600 2337 hostiae
624 2282 751 2338 mactari
774 2281 883 2348 solent,
917 2283 972 2337 sed
1009 2282 1040 2338 in
1063 2301 1182 2351 averso,
1216 2287 1375 2358 quemad
1455 2336 1457 2340 .

75 2385 203 2440 modum
226 2386 327 2439 turvas
350 2383 466 2440 hostias
481 2383 584 2438 Vlixes
608 2383 681 2439 facit
705 2378 750 2456 εἰς
766 2378 880 2458 ἔρεβος
903 2381 1060 2457 στρέψας,
1084 2394 1164 2442 retro
1188 2394 1301 2443 tractas
1322 2388 1376 2444 Se·

75 2502 173 2540 necae
196 2483 342 2543 Tiresias.
387 2502 489 2540 verum
526 2485 747 2558 impedimento
778 2494 825 2541 est
860 2485 955 2558 figura
976 2486 1151 2559 particulae,
1194 2505 1265 2544 nam
1289 2489 1374 2562 quod

78 2585 194 2642 Latinis
211 2592 280 2659 post
300 2594 347 2641 est
370 2593 424 2641 aut
439 2594 503 2659 por,
528 2586 560 2641 id
583 2587 697 2660 pariter
718 2585 824 2642 Vmbri
848 2587 981 2643 scribunt
1004 2604 1096 2661 quam
1117 2591 1374 2657 constantissime,

75 2686 177 2742 eidem
193 2689 293 2760 puslr'n
309 2688 395 2761 posti,
419 2705 487 2744 cum
509 2689 549 2743 illi
573 2690 604 2743 in
628 2689 675 2743 vel
692 2698 749 2761 per
769 2688 815 2743 vel
845 2698 902 2761 pro
925 2687 1074 2743 adhibent
1095 2688 1125 2744 in
1149 2690 1373 2750 distributione.

74 2787 114 2842 ab
138 2787 197 2843 hoc
220 2796 324 2845 autem
339 2795 423 2862 purte
444 2789 516 2844 nihil
538 2790 676 2864 dissidet,
712 2791 774 2845 sive
798 2789 923 2844 fortuitu
946 2808 959 2844 e
980 2789 1062 2846 facta
1082 2799 1129 2846 est
1151 2799 1287 2847 extrema
1311 2792 1374 2848 sive

75 2888 181 2944 relicta
203 2906 240 2944 ex
263 2890 433 2964 antiquiore
458 2908 535 2946 voce
569 2885 722 2964 (arcumen
744 2891 776 2945 iu
800 2908 913 2955 arvom,
944 2909 1065 2946 manuve
1086 2891 1116 2946 in
1137 2886 1261 2970 manu),
1295 2893 1376 2949 simi-

75 2989 143 3044 liter
163 2989 194 3045 in
217 2989 296 3045 hanc
318 2999 350 3046 et
372 2991 451 3048 illam
476 2990 613 3047 vocalem
637 3000 750 3047 exeunt
766 3000 844 3064 pone
861 2992 942 3064 pz'rse
965 2991 1003 3050 al.
1028 2993 1192 3048 mandatur
1213 3011 1286 3068 ergo
1317 2995 1370 3051 ali-

75 3107 135 3164 qua
161 3091 277 3150 divisio,
313 3094 375 3149 iam
397 3101 553 3148 memento
576 3093 696 3150 Romae
726 3093 803 3149 ludis
830 3092 1004 3149 Tarentinis
1026 3110 1148 3149 sacrum
1171 3097 1254 3168 quod
1277 3097 1375 3169 prima

75 3201 168 3248 nocte
192 3192 224 3248 fit
246 3201 277 3248 et
300 3192 430 3250 Tesralis
453 3193 541 3249 huius
564 3194 626 3250 fere
649 3195 813 3268 gemellum
836 3203 883 3250 est
913 3195 955 3251 ita
990 3195 1105 3250 institui
1135 3203 1214 3251 teste
1250 3197 1373 3254 Zosimo

73 3293 143 3351 hist.
166 3294 269 3366 115‚v‚
292 3302 325 3349 ut
347 3303 408 3351 tres
433 3312 506 3351 oves
528 3295 624 3352 tribus
647 3297 706 3351 aris
729 3297 936 3363 immolentur;
960 3305 1116 3353 memento
1140 3297 1267 3354 Graecis
1280 3299 1373 3372 Apol·

75 3393 168 3451 linem
190 3397 397 3468 praescribere
419 3395 484 3455 τῶν
501 3392 641 3469 χθονίων
661 3392 779 3470 διάειρε
800 3399 890 3476 τριχῇ
908 3394 1023 3470 θυσίας
1040 3393 1195 3470 ἐναρίζων
1211 3398 1374 3469 (Eusebius

75 3513 179 3570 praep.
205 3514 250 3554 ev.
275 3490 404 3573 1V9,2).
442 3496 501 3553 hoc
524 3497 587 3553 fere
613 3498 749 3554 umbrica
772 3498 822 3554 illa
845 3499 945 3555 valere
968 3499 1087 3573 opinor.
1132 3501 1214 3556 adde
1237 3501 1321 3573 quod
1344 3501 1375 3557 in

74 3596 163 3654 huius
197 3597 334 3654 sacrificii
365 3598 573 3672 descriptione
607 3616 676 3654 eum
711 3599 813 3654 locum
846 3600 988 3656 obtinent
1021 3617 1082 3673 quo
1105 3599 1135 3656 in
1160 3599 1223 3657 aliis
1246 3599 1376 3658 habetur

73 3703 180 3754 vatuva
194 3696 297 3774 serim
308 3697 393 3775 selu,
425 3707 490 3755 tum
523 3700 607 3773 quod
635 3700 762 3756 omnino
785 3718 848 3755 non
869 3708 994 3774 recepta
1018 3709 1089 3755 sunt
1122 3700 1152 3755 in
1174 3717 1228 3756 aes
1259 3719 1374 3757 novum

74 3799 161 3873 quasi
184 3815 410 3872 supervacanea
445 3808 497 3857 aut
528 3802 637 3857 saltem
668 3801 778 3857 ceteris
811 3801 964 3858 mandatis
989 3797 1128 3875 (peltana
1140 3797 1225 3878 fetu)
1246 3818 1376 3858 consen·

74 3907 178 3956 tanea.
219 3900 312 3972 portin
336 3901 542 3958 accusativum
564 3903 641 3975 regit
664 3903 747 3976 apud
763 3901 895 3958 Vmbros
919 3911 950 3958 et
974 3901 1084 3968 Oscos
1105 3906 1174 3975 post
1195 3903 1225 3959 in
1248 3910 1375 3978 utraque

74 3999 177 4073 lingua
200 4000 371 4057 ablativum.
419 4003 530 4069 arrone,
565 4003 589 4060 si
620 4021 658 4059 ex
693 4020 748 4060 asa
781 4004 920 4060 asianum
951 4003 1108 4078 quomodo
1138 4003 1303 4059 Asinianus
1337 4003 1376 4059 ab

75 4100 162 4157 asina
194 4109 378 4176 prognatum
411 4112 509 4174 esset,
538 4105 569 4159 in
600 4105 764 4161 locativum
787 4106 919 4164 caderet.
965 4105 1033 4160 vide
1068 4123 1108 4160 an
1139 4113 1279 4160 neutrum
1314 4105 1376 4161 tale

73 4201 172 4276 possit
195 4219 264 4259 esse
286 4205 385 4278 quale·
392 4214 470 4278 pone
493 4215 550 4273 est,
573 4225 644 4262 nam
660 4209 760 4279 portin
784 4227 802 4264 a
825 4207 969 4281 singulari
990 4224 1119 4263 numero
1136 4222 1200 4262 uon
1222 4205 1376 4274 abhorret,

76 4301 120 4358 IV
134 4304 171 4361 13
187 4297 290 4376 parlin
312 4295 407 4370 ¹ereilu
430 4322 485 4380 pro
508 4315 595 4380 parte
619 4306 745 4363 Pumuni
768 4314 799 4362 et
812 4307 966 4377 Vesunae,
989 4324 1061 4364 osce
1076 4307 1175 4380 postriz
1197 4308 1304 4380 slagtm
1320 4323 1376 4380 pro

75 4411 109 4459 ut
131 4403 320 4462 Nolanorum
341 4407 426 4480 regio
452 4416 499 4463 est
522 4416 576 4465 aut
596 4408 823 4467 Abellanorum.

176 4507 216 4563 24
238 4525 340 4565 rursus
363 4527 476 4566 novum
501 4511 631 4567 occurrit
653 4511 697 4567 rei
719 4528 825 4568 sacrae
848 4529 960 4568 nomen
996 4513 1081 4585 quod
1113 4509 1223 4568 frustra
1245 4526 1379 4583 quaeras

75 4605 106 4661 in
128 4605 237 4681 linguis
260 4611 410 4684 cognatis,
428 4617 612 4683 personlrus.
658 4620 720 4668 tam
742 4613 825 4669 enim
859 4614 890 4669 in
915 4614 1043 4672 Vmbria
1075 4613 1132 4668 hos
1155 4612 1230 4670 mihi
1253 4624 1382 4683 persua·

75 4723 143 4762 sum
175 4716 224 4764 est
255 4727 368 4765 nomen
400 4711 553 4768 invenisse
589 4712 718 4785 primum
752 4731 844 4787 quam
878 4715 1059 4788 postiliones
1094 4713 1124 4768 in
1148 4710 1251 4772 Latio.
1294 4711 1390 4766 unde

1177 4810 1211 4867 ὃ*
