3742 5364
768 365 827 424 119
1238 333 1241 338 ’
1340 364 1446 426 vinu

144 544 268 620 hertei,
291 551 295 614 l
316 544 421 628 appei
450 545 601 609 arfertur
623 543 775 608 Atiersir
796 573 807 609 a
826 559 960 627 oportet,
980 548 1055 621 lubi
1087 551 1199 608 flamen
1220 551 1359 610 Atiedius
1392 571 1447 629 po·

144 648 294 728 poplom
324 646 554 710 andersafust.
600 668 662 709 sve
692 647 773 727 neip
824 653 927 726 pulum
966 653 1144 712 lustraverit.
1220 654 1243 709 si
1283 672 1339 711 nec
1378 673 1448 729 por·

145 757 288 828 portust
309 749 515 829 issocpusei
539 749 772 810 subrascreh·
824 755 895 810 tarit
950 754 994 810 ita
1057 753 1101 808 uti
1155 770 1248 826 supra
1302 753 1448 826 scriptum

145 858 185 910 to
218 861 279 922 est,
300 849 305 932 Ι
324 849 465 913 fratreci
498 860 613 911 motar
648 847 718 909 sins
742 868 770 912 a.
824 864 882 922 est,
910 850 914 928 Ι
943 854 1089 927 magistro
1123 854 1236 910 multae
1267 853 1329 932 'sint
1361 870 1447 909 asses

146 971 219 1014 ccc.
826 972 889 1012 ccc.

147 1158 272 1214 cionem
295 1168 359 1214 tum
378 1157 548 1214 luculenter
568 1157 644 1213 illud
666 1175 739 1230 quos
761 1162 818 1212 tres
832 1156 962 1229 primum
985 1157 1111 1229 ceperint
1128 1155 1295 1216 confirmat.
1335 1157 1447 1215 eir-iata

147 1259 280 1315 fortasse
303 1259 346 1315 sic
369 1267 417 1315 est
437 1258 477 1314 ad
501 1264 545 1312 eiu
568 1251 638 1333 (ito)
662 1266 695 1313 ut
707 1255 821 1334 fugato
846 1257 886 1313 ad
899 1256 1007 1334 fugito
1030 1266 1083 1313 aut
1107 1267 1140 1313 ut
1158 1253 1233 1316 ἱέτω
1256 1260 1297 1314 ad
1318 1253 1385 1319 ἴτω.

250 1362 267 1418 3
292 1359 340 1416 hic
362 1361 448 1416 locus
470 1360 562 1433 siquis
587 1359 663 1416 alius
687 1360 874 1415 documento
892 1365 939 1415 est
961 1359 1045 1415 idem
1067 1358 1165 1415 valere
1181 1367 1272 1432 pua-e
1286 1367 1360 1432 pure
1376 1361 1451 1433 pusi

136 1461 232 1534 pusii
251 1470 282 1518 et
302 1461 353 1520 lat.
371 1462 418 1516 uli
437 1467 475 1517 ut.
499 1462 583 1517 idem
599 1459 687 1518 Oscis
704 1468 766 1532 pua
783 1469 813 1516 et
822 1469 905 1533 pour,
927 1459 1079 1534 Paelignis
1095 1468 1183 1533 puus.
1218 1461 1311 1518 latine
1333 1462 1397 1518 fieri
1415 1463 1447 1519 id

147 1581 182 1617 us
205 1563 349 1636 oportuit,
373 1580 433 1636 quo
456 1563 550 1618 modo
571 1568 690 1634 uterque
706 1562 789 1617 venit
804 1561 835 1616 in
852 1561 954 1616 locum
968 1567 1114 1634 putrespe,
1138 1579 1210 1636 ergo
1232 1582 1447 1638 usquequaque

147 1663 188 1720 ab
213 1663 329 1736 origine
351 1662 406 1718 fuir
428 1657 580 1734 ὁπωςοῦν
599 1658 651 1720 καὶ
666 1657 802 1734 ὁπηοῦν,
827 1661 911 1716 haud
924 1680 1045 1734 usquam
1061 1661 1211 1735 apidibus
1226 1661 1374 1720 abscedam
1389 1664 1449 1720 tuis
1524 1679 1526 1682 ⁴

147 1758 312 1836 οὐδαμῶς.
356 1745 501 1836 paulatim
525 1761 583 1817 loci
605 1762 691 1818 notio
720 1779 780 1836 quo
808 1763 905 1837 magis
938 1763 1130 1819 alienabatur
1154 1763 1192 1819 ab
1216 1769 1255 1830 ut,
1288 1781 1325 1820 eo
1348 1766 1446 1840 magis

146 1865 263 1920 insedit
285 1864 350 1920 istis
373 1864 527 1938 particulis
549 1864 580 1919 in
604 1863 714 1937 quibus
735 1881 749 1918 s
772 1871 962 1920 accesserat:
997 1863 1181 1920 differebant
1215 1866 1373 1938 quondam
1407 1884 1446 1922 eo

145 1975 306 2022 momento
330 1981 391 2039 quo
416 1959 461 2038 εἰς
484 1965 522 2021 ab
546 1960 581 2024 ἐν
604 1973 635 2020 et
658 1960 704 2024 ἐνί
731 1974 906 2038 separatum
938 1974 1000 2021 est:
1035 1970 1068 2020 ut
1093 1964 1177 2021 lacus
1208 1965 1448 2038 profundissima

146 2084 263 2141 vorago
287 2075 334 2123 est
356 2084 416 2140 qua
439 2067 574 2139 regione,
599 2075 630 2123 at
653 2085 741 2138 usque
763 2066 857 2122 adeo
877 2075 909 2122 et
931 2081 1074 2138 nusquam
1098 2066 1157 2121 alio
1175 2075 1320 2141 tanquam
1342 2069 1446 2143 aliquo

147 2186 277 2225 versum.
324 2170 568 2244 praepositiones
592 2187 661 2226 cum
683 2169 726 2225 ita
749 2177 858 2224 auctae
881 2169 941 2224 sint
963 2168 1105 2241 saepiuS,
1130 2169 1224 2224 rarius
1252 2176 1355 2225 tamen
1380 2170 1444 2226 eius

146 2270 330 2327 discriminis
353 2269 514 2341 vestigium
539 2269 720 2342 impressum
743 2269 882 2324 videmus
913 2262 1028 2344 (Latini
1051 2277 1082 2323 et
1105 2266 1209 2324 Vmbri
1233 2271 1285 2337 ad,
1313 2287 1349 2325 az
1370 2268 1444 2326 Osci

146 2372 208 2427 sed
232 2370 413 2426 contrarium
447 2386 547 2443 paene
575 2377 608 2424 ut
640 2368 679 2424 sit
699 2386 733 2423 aa
755 2368 867 2424 hortum
889 2377 982 2442 atque
1010 2368 1040 2423 in
1063 2367 1166 2441 horto;
1200 2368 1241 2424 illi
1264 2387 1316 2426 cur
1337 2370 1449 2443 suscepi

146 2471 290 2527 finxerint
312 2471 474 2543 eidemque
496 2470 618 2524 successi
641 2477 671 2524 et
693 2468 811 2544 similia,
835 2469 1045 2525 coniectamus
1066 2487 1103 2524 ex
1125 2488 1230 2543 susque
1253 2467 1363 2543 deque).

248 2573 268 2629 4
301 2577 394 2626 motor
416 2587 470 2644 pro
496 2570 684 2625 nominativo
715 2570 823 2643 plurali
850 2568 1030 2626 habueram:
1069 2571 1101 2626 in
1130 2588 1178 2626 res
1202 2572 1335 2645 singulas
1358 2579 1445 2628 tauta

146 2673 246 2730 multa
270 2682 347 2730 esto,
385 2673 416 2727 iu
431 2671 489 2728 Xll
505 2670 614 2727 tabulis
637 2672 782 2744 scriptum
805 2679 870 2726 erat
892 2670 922 2724 si
942 2671 1086 2727 iniurium
1099 2671 1204 2749 saxei,
1227 2673 1339 2746 uigr'rrtr'
1359 2674 1443 2746 quin·

146 2793 204 2848 que
218 2781 329 2846 poenae
350 2778 443 2838 sunto,
478 2771 648 2845 significare
671 2772 703 2827 id
722 2752 848 2827 Verrius
881 2772 992 2845 aliique
1014 2774 1213 2829 consentiunt
1235 2774 1324 2831 XXV
1347 2775 1450 2845 asseS,¹

148 2875 266 2932 Gellius
289 2875 349 2931 XX
368 2875 445 2952 1,12
469 2874 623 2930 substituit
647 2872 714 2929 XX
720 2873 840 2929 Vaerz's
855 2883 969 2947 poenae
990 2880 1081 2938 sunto,
1115 2891 1169 2948 pro
1197 2877 1342 2948 genetivo
1366 2876 1443 2950 sing.

146 2993 239 3031 nemo
264 2984 410 3049 quantum
433 2983 555 3032 constat
578 2975 706 3047 accepit,
732 2974 769 3032 el.
793 2973 978 3031 Schoellium
1000 2975 1124 3031 deXH
1146 2994 1176 3050 p.
1194 2978 1253 3034 142
1274 2986 1305 3033 et
1327 2980 1375 3036 78.
1407 2994 1445 3034 ex

147 3093 223 3133 osca
245 3077 312 3149 lege
334 3077 447 3149 svaepis
463 3077 527 3131 z'onc
549 3076 657 3130 meddr's
672 3077 806 3131 mortuum
827 3075 928 3143 heresi,
954 3082 1067 3150 temperi
1086 3077 1231 3133 ruruslreis
1248 3080 1334 3134 oeiet's
1353 3080 1446 3135 eituas

147 3178 250 3233 molles
272 3178 405 3234 moltaum
428 3178 531 3233 lr'cr'lud
550 3178 602 3250 qui
625 3177 811 3233 transferunt
833 3177 940 3232 multae
962 3179 1086 3233 multare
1110 3179 1204 3247 luceto,
1235 3198 1294 3253 qua
1326 3182 1444 3237 ratione

147 3280 325 3353 genetivum
346 3280 514 3352 expediant
535 3297 584 3334 me
609 3279 693 3352 sugit,
715 3280 823 3334 multus
844 3280 969 3334 multare
991 3280 1090 3335 idest
1112 3280 1253 3353 inrogare
1276 3283 1321 3336 vel
1339 3283 1444 3338 dicere

147 3380 174 3436 si
198 3379 279 3435 volet
299 3381 492 3454 magistratus
516 3380 590 3435 dum
612 3380 737 3436 minoris
754 3380 849 3453 partis
873 3379 1003 3435 familiae
1027 3389 1111 3436 taxat
1136 3381 1235 3441 liceto,
1267 3400 1306 3439 an
1327 3385 1446 3440 moliass

146 3480 307 3554 quisquam
329 3480 498 3554 postulabit
520 3480 686 3537 Bantinum
709 3481 852 3536 exhibere
875 3480 940 3536 osci
963 3482 1087 3554 quidem
1118 3483 1266 3540 sermonis
1289 3485 1345 3540 sed
1369 3503 1442 3541 cou-

146 3582 286 3637 taminati
309 3579 560 3639 monumentum?
583 3601 615 3639 re
639 3592 671 3640 et
689 3584 780 3639 verb'o
805 3582 945 3656 congruit
959 3600 1028 3638 cum
1043 3583 1170 3655 Iguvino
1194 3585 1297 3641 edicto
1320 3586 1445 3645 iuventa

146 3700 247 3756 nuper
268 3683 298 3738 in
321 3683 453 3739 finitimis
478 3686 558 3757 agris
581 3685 659 3740 inter
683 3683 852 3757 Spoletium
876 3692 907 3739 et
929 3682 1035 3738 Tuder
1062 3684 1101 3738 de
1129 3683 1196 3740 luco
1220 3702 1306 3742 sacro
1331 3687 1379 3743 lex
1404 3690 1445 3747 la·

147 3785 212 3840 tina
235 3776 347 3861 (Bruus
371 3784 445 3842 font.
467 3802 497 3857 p.
511 3781 594 3859 45⁴):
616 3785 722 3858 sez'quz's
742 3785 810 3840 scies
833 3785 952 3841 ur'ulesz't
973 3785 1034 3840 dolo
1055 3785 1140 3858 arelo,
1165 3784 1348 3845 Ioueibouid
1360 3791 1444 3862 pruc-

147 3884 208 3939 lum
232 3885 322 3940 dulod
341 3891 367 3940 ei
387 3904 414 3940 α.
434 3883 512 3941 CCC
521 3886 624 3941 uroltui
642 3888 754 3943 suntad.
793 3887 983 3943 Burmannus
1000 3887 1173 3959 genetivum
1196 3889 1272 3963 sing.
1296 3891 1445 3965 interpre-

148 3993 228 4041 tatur
250 3979 350 4043 ‘asses
373 3995 419 4042 tot
442 3980 600 4042 multaticii
624 3981 728 4042 sunto’
761 3981 860 4063 (misc.
885 3985 1014 4060 Capitol.
1037 4004 1065 4060 p.
1084 3986 1116 4059 8)
1141 3987 1283 4063 favetque
1306 3992 1334 4047 ei
1359 3994 1445 4066 quod
1540 4027 1543 4030 ⁴

147 4086 284 4160 sequitur
311 4087 499 4143 enuntiatum
533 4088 592 4143 eius
617 4089 716 4162 piacli
743 4089 894 4162 mollirique
924 4089 1052 4144 dz'cotore
1084 4090 1200 4144 exactio
1223 4093 1308 4160 estod,
1342 4110 1444 4167 neque

146 4187 309 4261 ambigitur
331 4190 403 4262 quin
426 4190 593 4246 umbricum
617 4191 740 4246 verbum
758 4199 789 4246 et
811 4191 936 4246 latinum
958 4190 1069 4262 pariter
1088 4191 1288 4249 iudicandum
1307 4194 1354 4253 sit.
1388 4213 1444 4269 pro

146 4289 292 4360 genetivo
310 4295 404 4346 molar
419 4291 602 4348 Aulrechtus
618 4291 778 4356 habuerat,
801 4309 838 4346 ex
852 4291 960 4347 Plauto
973 4299 1004 4346 et
1017 4290 1154 4347 Varrone
1171 4293 1333 4351 didicimus
1357 4289 1445 4352 ‘dotis

146 4388 188 4444 do
212 4390 265 4445 tibi
287 4385 416 4464 agrum’.
461 4394 545 4467 quod
571 4410 740 4467 permagna
771 4392 847 4448 haec
880 4393 975 4450 multa
1007 4402 1068 4460 est,
1103 4411 1173 4450 eum
1206 4394 1290 4450 haud
1317 4413 1444 4470 parvum

145 4491 189 4545 ita
212 4490 358 4546 delictum
386 4493 482 4565 puniri
507 4503 630 4567 pateat,
663 4494 737 4550 inde
760 4494 939 4568 gravitatem
961 4494 1114 4568 religionis
1140 4495 1354 4571 perspicimus,
1382 4514 1445 4554 non

144 4599 394 4665 sumptuosorum
417 4594 544 4664 pretium
564 4594 731 4652 sevacnr'om.

703 4789 799 4797 -----
803 4788 894 4796 —-.
