3742 5364
703 325 760 386 183

84 512 183 577 τένδα
206 513 370 573 tentorium
394 506 519 591 (Suidas
540 507 605 586 al),
628 509 823 569 Sandam'cum
846 532 864 570 a
887 513 1031 571 Santonis
1052 509 1184 594 (gloss),
1210 521 1339 575 mendax
1360 538 1379 577 a

80 616 270 675 mentiendo.
313 616 387 672 item
407 622 479 670 ante
502 629 534 668 r:
558 618 627 668 airu
650 613 738 680 adra,
765 613 934 687 padrahpei
962 633 1035 672 osce
1053 619 1230 690 pateraspld,
1265 621 1378 678 mansit

81 718 174 776 frater
185 717 321 796 fratrom
333 715 474 794 fratreca
504 724 535 772 et
569 716 776 789 comparativa
791 717 979 775 terminatio
1011 728 1143 794 excepto
1177 721 1217 777 ob
1239 723 1377 782 nasalem

79 821 204 879 handra.
247 818 512 892 quotienscunque
536 817 564 872 in
587 817 691 872 medio
719 818 876 892 vocabulo*
892 819 914 874 al
932 819 1072 876 scribitur
1094 839 1112 878 a
1134 838 1205 890 rec,
1236 825 1377 900 primige-

80 924 162 981 niam
185 922 278 978 fuisse
301 926 313 975 l
333 927 386 977 aut
410 920 612 976 demonstrari
647 928 750 993 potest
781 914 885 997 (talcar
907 941 925 978 a
953 931 1019 980 tota
1049 925 1105 981 sed
1138 927 1261 1001 saepius
1292 930 1377 994 lado,

82 1024 229 1081 Padellar
251 1022 384 1080 aPatna
407 1021 456 1080 lat.
481 1020 597 1078 Patella
613 1037 685 1078 osce
703 1017 835 1098 Patana)
858 1032 911 1079 aut
935 1025 1043 1081 saltem
1067 1028 1211 1085 credibile
1234 1039 1283 1087 est
1305 1026 1378 1104 (ten-

78 1127 158 1182 zr'lim
180 1124 274 1191 tesedi,
300 1121 433 1178 Idrrelz‘es
454 1119 608 1192 Caredier).
646 1123 749 1196 itaque
772 1125 856 1179 luder
870 1125 1014 1200 urbisque
1037 1143 1148 1185 nomen
1168 1127 1256 1186 Tuter
1273 1131 1375 1189 incau-

79 1230 140 1286 tius
163 1243 231 1283 cum
254 1225 410 1280 etrrdriamu
433 1224 595 1296 copulasse
619 1223 734 1290 videor,
758 1223 828 1281 huie
850 1227 914 1280 tud·
937 1226 1023 1301 origo
1046 1227 1111 1295 luit,
1133 1228 1174 1286 illi
1196 1235 1261 1290 lul·.

181 1430 351 1503 dexcepto
374 1425 522 1501 principio
545 1443 653 1483 vocum
677 1426 819 1484 vicariam
842 1429 962 1503 accepit
985 1426 1018 1490 q:
1053 1431 1077 1488 si
1100 1451 1164 1490 non
1186 1435 1308 1509 signum
1331 1436 1375 1511 ip-

78 1551 147 1590 sum
169 1551 186 1586 r
208 1529 276 1586 voci
298 1527 456 1584 finitimum
481 1543 589 1584 sonum
612 1527 716 1602 prodit
751 1525 858 1599 (etiam
882 1528 970 1587 Oscis
994 1527 1013 1588 fl
1038 1549 1091 1605 pro
1116 1534 1227 1608 dest),
1257 1545 1288 1592 at
1314 1554 1375 1597 rec.

77 1634 228 1709 scriptura
252 1629 306 1691 RS:
340 1629 444 1702 lapide
466 1629 578 1701 capr'rse
600 1638 659 1686 cet.
700 1630 819 1686 sibilum
843 1632 991 1705 triplicem
1019 1635 1124 1690 marsei
1142 1637 1293 1704 continet,
1327 1646 1375 1695 est

77 1735 160 1791 enim
183 1750 256 1789 mers
276 1732 321 1787 sei
341 1738 371 1786 et
394 1747 468 1784 mers
489 1745 544 1803 pro
568 1731 642 1785 maris
664 1748 760 1788 mersa.

178 1838 388 1909 permutantur
409 1830 496 1886 rirl:
520 1831 620 1885 aatna-
641 1848 749 1898 arara,
772 1833 847 1887 ledlu
870 1815 926 1888 sed
942 1832 986 1888 IV
1003 1835 1042 1892 28
1065 1841 1150 1913 terta,
1173 1831 1298 1897 lrr'bai'lu
1320 1842 1375 1896 ἰνί-

75 1937 188 1994 brisiae
205 1935 327 2009 triplic·,
348 1933 452 1988 kadelu
467 1927 613 1999 καλείτω,
630 1931 667 1989 el.
683 1933 781 2006 pedes
798 1950 897 2007 peres,
919 1935 1140 2009 impedimenta
1157 1939 1373 2015 impelimenta.

176 2039 251 2094 ledia
275 2036 369 2091 dr'rsiu
392 2034 424 2089 fit
446 2039 503 2089 lelu
526 2035 588 2088 dila
611 2041 644 2089 ut
660 2053 678 2090 a
693 2034 865 2108 gradiendo
882 2045 1014 2109 egretus.
1049 2041 1177 2095 aromad
1193 2042 1240 2098 vel
1263 2061 1373 2111 asama,

74 2141 193 2196 advectu
216 2137 262 2193 vel
287 2138 401 2192 aroeilu
426 2137 470 2191 vel
495 2136 601 2201 aoa'lu,
625 2152 688 2192 acc.
712 2135 787 2209 plur.
811 2135 902 2214 lapis.
928 2137 1020 2195 lrloz'er
1043 2139 1174 2197 fortasse
1191 2159 1253 2199 non
1275 2144 1374 2199 diver-

75 2261 144 2298 sum
164 2242 202 2298 ab
227 2239 327 2296 Hadia
352 2236 455 2303 Harsa,
484 2236 569 2292 utin
593 2235 693 2291 latinis
716 2237 820 2310 peiere
844 2239 941 2294 maior
964 2240 1073 2296 extrita
1095 2251 1141 2298 est
1167 2259 1352 2302 consonans.

177 2349 248 2416 post
270 2340 406 2395 nasalcm
431 2338 534 2394 dabit
556 2338 586 2392 in
605 2356 633 2401 n,
657 2345 689 2392 ut
702 2338 882 2411 dispennite
898 2357 936 2395 ae
952 2341 1129 2408 distennite,
1155 2340 1373 2401 Verecunnus:

74 2453 198 2517 anprnes
231 2443 263 2498 id
297 2449 344 2496 est
378 2447 521 2512 arpennes
550 2439 711 2512 inpendes,
740 2439 868 2511 pr'lraner
889 2440 1005 2514 piandi,
1031 2449 1111 2514 parre
1133 2445 1276 2515 quamde,
1297 2448 1395 2518 pone'

68 2554 168 2619 panna
191 2544 305 2618 pariter
337 2541 497 2614 figuratum
528 2556 669 2613 aquom.
715 2548 775 2595 tres
803 2551 1014 2599 consonantes
1038 2543 1062 2598 si
1086 2555 1312 2613 concurrerent,
1335 2565 1374 2603 cx

74 2648 129 2702 ndt
149 2645 219 2719 pelli
240 2643 372 2700 mediam
398 2648 640 2696 consentaneum
657 2649 736 2696 crat:
761 2647 872 2697 ostentu
891 2648 981 2697 artata
995 2660 1053 2701 rec.
1067 2645 1183 2700 ostenda
1205 2648 1373 2715 ostendite,

74 2766 113 2803 cx
137 2744 198 2823 ads
214 2762 283 2800 cum
305 2742 434 2798 dentalis
458 2741 530 2797 [latu
558 2738 702 2797 succussa
733 2741 868 2798 vibrante
900 2759 1017 2800 summa
1049 2744 1150 2818 lingua
1177 2754 1375 2806 tremesceret

74 2847 285 2920 tremulaeque
300 2843 441 2918 liquidae
459 2843 690 2915 obsequeretur,
714 2843 814 2899 extitit
838 2845 861 2901 l:
886 2845 1009 2899 entelust
1021 2845 1050 2899 in
1068 2862 1129 2919 quo
1148 2856 1199 2902 aut
1217 2848 1231 2901 l
1250 2848 1386 2920 gemina·

74 2958 126 3005 aut
150 2949 240 3020 longa
264 2966 277 3001 e
298 2944 552 3020 pronuntiabatur
568 2961 605 2999 ex
623 2945 765 2999 enlenlusl
782 2945 955 3013 animatust,
979 2945 1053 3002 item
1064 2947 1177 3019 opalus!
1190 2948 1373 3023 inpenderit.

177 3146 245 3208 lin
262 3147 312 3220 pis
334 3146 411 3220 quis,
429 3152 535 3217 pranpe
558 3160 723 3217 quomque,
750 3150 887 3217 putrespe
908 3146 1065 3220 utriusque
1090 3158 1148 3208 cet,
1172 3161 1238 3208 orta
1261 3162 1309 3211 est
1336 3171 1374 3210 ex

73 3271 111 3327 qr·
133 3268 216 3307 more
237 3249 381 3305 Italorum
405 3255 436 3300 et
459 3244 658 3301 Graecorum.

168 3360 191 3425 p
220 3349 353 3407 mollitur
378 3354 492 3402 anter
513 3355 545 3402 et
566 3345 705 3401 vocales:
729 3345 826 3418 kapru
848 3346 957 3416 kabru,
991 3358 1082 3423 srqaru
1104 3351 1210 3421 sabra,
1244 3346 1373 3413 tribalia

74 3455 214 3530 triplicio,
240 3453 378 3524 Iapascer
403 3447 552 3506 Iabrrsker.
575 3446 612 3505 cf.
636 3447 841 3519 obbrobrium,
866 3451 1022 3524 superaria
1045 3449 1226 3529 σουβρικός,
1250 3457 1287 3516 al.
1312 3466 1370 3515 vet.

75 3556 197 3629 saepius
218 3561 242 3626 p
268 3553 336 3609 loco
359 3549 504 3606 mollioris
530 3548 647 3604 litterae
671 3548 839 3622 ponebant,
862 3549 973 3606 labaim
995 3552 1130 3632 bapriras,
1154 3558 1309 3630 adpulsae·
1326 3576 1373 3614 ar.

73 3659 198 3720 bitrata,
222 3651 389 3730 anaprry‘uas
412 3650 562 3707 ambietis,

169 3765 191 3830 p
215 3757 243 3812 in
270 3753 329 3810 fine
352 3761 412 3809 vet.
436 3761 482 3809 ter
505 3750 726 3807 substituerunt
749 3769 803 3824 pro
817 3750 856 3829 f:
880 3751 962 3824 lutep
978 3756 1112 3826 pesnzinu
1135 3758 1292 3836 prokules,
1316 3761 1371 3817 ail-

75 3860 128 3932 lup
152 3862 239 3931 arrrrp
262 3855 362 3912 Hunle
384 3871 438 3928 pro
463 3849 561 3927 zoilus
577 3851 668 3929 turus
681 3861 733 3909 aut
755 3853 845 3918 villu,
878 3852 916 3908 cf.
940 3853 974 3909 as
993 3856 1040 3923 ab,
1075 3859 1171 3919 umbr.
1195 3859 1237 3936 z'se
1259 3861 1309 3919 lat.
1332 3860 1375 3916 ibi
1467 3898 1470 3904 -

74 3961 153 4035 pael.
177 3967 207 4015 et
230 3974 292 4015 osc.
315 3956 342 4029 ip
366 3957 403 4030 tp,
426 3955 456 4010 in
479 3954 612 4011 carmine
634 3953 737 4011 Arvali
759 3954 916 4026 advocapit.

174 4057 327 4115 intercidit
350 4056 467 4113 labialis
491 4056 520 4110 in
544 4055 668 4119 ostenda,
692 4059 773 4110 asaia
796 4071 859 4112 osc.
883 4063 975 4127 apsa.

176 4258 197 4321 Β
220 4281 288 4320 rara
311 4261 408 4317 estin
433 4267 491 4317 vet.
516 4258 672 4331 scriptura.
696 4257 877 4333 principium
900 4267 948 4315 est
972 4261 1069 4318 tribus
1097 4262 1204 4330 verbis,
1228 4260 1292 4318 bum
1315 4263 1371 4321 bo·

75 4383 152 4431 vem,
176 4363 263 4420 berna
286 4380 385 4427 verua,
410 4359 511 4415 berturi
531 4358 658 4426 venerit,
681 4367 748 4415 orta
772 4376 809 4415 ex
830 4378 881 4432 gu.

175 4464 268 4521 semel
290 4481 381 4518 menes
402 4477 457 4536 pro
482 4459 563 4515 benet
584 4466 616 4515 ut
639 4468 810 4516 commutat
833 4438 985 4534 (Henien.
1005 4454 1100 4535 6404)
1123 4480 1179 4536 pro
1201 4462 1370 4536 comburat,

74 4565 253 4642 promoscis
