3742 5364
242 339 305 402 VIB
314 343 355 404 50
369 345 403 402 Ia
413 344 452 403 15
871 340 912 400 90

243 526 361 588 destre
379 543 464 587 onse
488 523 587 587 fertu.
612 544 752 587 erucom
775 524 866 605 prin·
918 527 948 582 in
957 527 1066 583 dextro
1079 543 1183 583 umero
1197 525 1284 586 ferto.
1309 541 1378 584 cum
1389 541 1428 583 eo
1441 523 1552 601 prino·

241 639 344 690 vatur
367 624 450 707 durl
472 636 579 697 etut0‚
611 646 717 707 perca
740 624 864 707 ponisi·
880 651 903 688 n
919 629 980 686 vati
1013 628 1076 684 duo
1096 622 1099 705 l
1120 637 1225 695 cuuto,
1263 629 1378 703 virgam
1399 626 1551 684 calatoris

242 852 348 892 umero.
392 834 475 890 idem
497 832 609 888 flexum
636 831 665 886 in
689 847 740 886 uze
762 831 872 906 legitur
893 831 923 886 in
947 848 1019 887 aere
1042 830 1218 888 vetustiore.
1255 848 1318 887 non
1340 832 1471 890 leviores
1493 850 1550 891 os·

242 953 311 991 cum
334 933 494 991 Niumsieis
518 950 630 989 nomen
654 932 839 988 mutationes
863 939 1023 1005 expertum
1046 940 1104 998 est,
1137 949 1208 988 nam
1235 941 1366 1007 accepta
1388 934 1488 991 vocali
1513 934 1549 990 iu

241 1035 407 1093 llsi'umerizs
429 1033 502 1090 abiit
526 1033 741 1099 semilatiuum‚
766 1041 896 1106 accepta
918 1040 1111 1088 consonante
1136 1051 1174 1089 ea
1197 1050 1251 1106 per
1273 1050 1366 1106 quam
1388 1033 1492 1091 Latini
1519 1053 1548 1091 m

242 1145 273 1193 et
295 1154 310 1191 s
332 1137 475 1210 quotiens
498 1135 685 1191 colliduntur
705 1134 784 1190 inter
807 1152 840 1190 se
863 1134 1023 1190 emolliunt
1045 1129 1164 1207 (hiemps
1187 1132 1306 1208 sumpsi)
1339 1135 1367 1193 in
1393 1131 1549 1211 Νύμψιος

241 1231 376 1311 Νύψιος,
400 1237 486 1310 quod
508 1253 621 1292 nomen
645 1234 760 1291 homini
783 1234 989 1309 Neapolitano
1023 1243 1070 1291 est
1100 1245 1270 1292 memorato
1294 1237 1324 1292 in
1347 1236 1408 1293 vita
1432 1236 1548 1295 Dionis

241 1333 433 1414 (Plutarchus
456 1355 523 1411 cap.
547 1333 610 1409 41).
657 1344 764 1393 eontra
787 1336 916 1392 infracta
940 1337 1024 1393 utin
1048 1354 1100 1392 rese
1121 1337 1218 1393 nasali
1238 1346 1310 1394 ante
1334 1337 1456 1395 sibilum
1471 1346 1546 1395 tan·

241 1448 304 1496 tum
327 1439 472 1495 remansit
497 1433 629 1511 Νύσιος,
652 1438 736 1511 quod
759 1455 872 1494 nomeu
895 1439 987 1494 index
1004 1437 1175 1494 Stoicorum
1190 1437 1430 1494 Herculanensis
1453 1455 1547 1511 prae·

241 1540 294 1596 bet
317 1560 334 1596 a
359 1538 569 1613 Comparettio
591 1555 689 1612 nuper
710 1534 814 1594 editus
838 1538 895 1594 col.
920 1537 1051 1594 LXXIV
1066 1557 1094 1612 p.
1112 1541 1151 1597 99
1175 1534 1320 1613 Μάρκιος
1343 1535 1395 1598 καὶ
1418 1534 1547 1613 Νύσιος

239 1637 401 1700 Σαυνῖται.
447 1639 558 1695 umeris
580 1639 711 1695 hominis
728 1641 850 1696 adlatos
866 1641 907 1695 ad
924 1657 991 1696 aras
1014 1640 1125 1697 vitulos
1146 1658 1209 1696 non
1233 1646 1296 1697 tere
1319 1641 1405 1697 litare
1422 1640 1544 1698 Plinius

240 1751 342 1799 narrat
365 1740 433 1799 hist.
456 1748 519 1799 nat.
542 1739 617 1796 VIII
634 1742 704 1799 183.
749 1741 858 1796 dextro
892 1758 997 1796 umero
1020 1741 1255 1796 instrumentum
1278 1741 1416 1798 sacrificii
1437 1741 1546 1798 defer·

240 1853 287 1900 tur
310 1844 423 1900 eodem
446 1842 494 1899 cui
517 1840 637 1915 insigne
660 1840 783 1897 honoris
807 1841 952 1897 iniectum
974 1850 1031 1908 est,
1054 1859 1166 1915 nempe
1182 1842 1264 1898 bona
1280 1843 1382 1899 omina
1400 1859 1440 1898 ex
1462 1844 1543 1899 dex·

239 1945 291 2001 tris
315 1952 504 2018 quaeruntur
525 1942 608 1998 velut
630 1943 739 1998 dextra
761 1959 852 1998 mauu
876 1951 908 1998 et
924 1944 1034 1999 dextro
1057 1943 1148 2016 pede.

339 2047 380 2103 50
395 2045 558 2118 prebeatur
573 2051 627 2099 aut
640 2043 805 2109 minuatur
819 2042 922 2099 tabula
939 2043 1030 2099 latine
1046 2043 1167 2117 scripta,
1191 2052 1277 2100 vetus
1293 2061 1346 2100 aes
1361 2045 1545 2118 pribuuaiu,

238 2148 331 2204 latine
354 2145 485 2202 fortasse
508 2145 704 2201 reddendum
727 2152 774 2200 est
790 2145 977 2217 praenovisti.
1019 2145 1160 2200 nimirum
1180 2145 1234 2218 pri
1252 2145 1368 2218 antiqui
1388 2164 1445 2220 pro
1461 2155 1546 2219 prae

239 2247 394 2314 dixerunt,
418 2255 452 2301 ut
475 2244 586 2301 Paulus
610 2245 696 2301 Festi
719 2245 821 2301 scribit
852 2246 881 2300 in
902 2246 1075 2319 priuignus,
1112 2244 1249 2319 Paeligni
1275 2241 1546 2319 prisiafalaeirrbc‚

238 2364 422 2422 quamquam
444 2346 472 2400 in
498 2345 647 2401 Vmbricis
671 2363 731 2401 non
757 2345 883 2419 legimus
908 2345 964 2401 nisi
986 2354 1043 2419 pre
1075 2342 1142 2419 (pre
1162 2347 1254 2413 verz'r,
1280 2344 1423 2419 prehubr'o
1441 2354 1544 2422 prepa

240 2447 381 2515 Presloio,
403 2447 476 2521 quin
498 2447 592 2503 etiam
609 2439 739 2522 precer).
785 2449 825 2503 de
848 2448 1043 2521 correptione
1066 2447 1191 2503 alterius
1211 2447 1339 2504 membri
1372 2446 1409 2507 cf.
1432 2447 1542 2507 denuo.

237 2549 310 2604 olim
333 2547 392 2604 hoc
414 2548 593 2604 vocabulum
616 2548 810 2604 contulerunt
833 2566 901 2604 curn
934 2548 1028 2604 latino
1049 2549 1182 2622 privati,
1217 2548 1292 2605 illud
1326 2555 1429 2605 tamen
1467 2565 1543 2606 cum

237 2650 397 2704 evidenter
419 2648 589 2704 derivatum
612 2649 650 2704 sit
672 2651 833 2722 aperuere
849 2651 952 2721 priua,
988 2666 1153 2723 numquam
1176 2648 1206 2704 in
1228 2649 1332 2704 medlo
1355 2656 1459 2722 potest
1482 2668 1542 2706 na·

237 2750 332 2805 salem
353 2747 508 2808 habuisse.
546 2757 578 2805 et
603 2750 686 2823 leges
702 2768 809 2824 agrum
828 2751 952 2823 quidem
969 2751 1179 2807 aedificiumve
1202 2767 1220 2804 a
1241 2749 1363 2824 publico
1385 2750 1543 2824 privatum

236 2849 416 2922 distiugunt‚
440 2868 502 2906 non
526 2859 630 2908 tamen
652 2852 787 2924 privatos
810 2850 949 2907 homines
982 2858 1101 2926 ponunt
1130 2858 1236 2906 contra
1258 2851 1455 2922 magistratus
1479 2855 1542 2910 sed

236 2952 408 3009 nomiuibus
432 2953 529 3026 magis
553 2952 686 3009 definitis
709 2961 842 3009 utuntur.
886 2954 969 3027 quod
997 2961 1100 3009 autem
1129 2953 1160 3008 in
1182 2953 1277 3008 latino
1307 2968 1448 3008 sermone
1474 2953 1539 3026 pri-

236 3062 322 3110 vatos
346 3053 438 3110 etiam
470 3054 554 3110 aliud
587 3072 692 3128 posse<
714 3054 884 3128 significare
917 3055 1082 3129 opinantur
1114 3053 1206 3128 quale
1229 3063 1276 3110 est
1297 3053 1386 3109 armis
1409 3061 1536 3122 exutos,

235 3154 293 3212 hac
315 3156 345 3211 in
368 3174 401 3211 re
424 3155 620 3212 vehementer
641 3164 757 3224 errant,
793 3173 980 3230 quamquam
1011 3155 1111 3211 locum
1144 3155 1228 3213 illum
1259 3171 1321 3227 quo
1357 3154 1495 3211 nituntur
1519 3172 1541 3211 a

235 3254 373 3312 Varrone
398 3256 414 3314 l.
438 3256 490 3313 lat.
516 3251 558 3314 vl
576 3258 615 3315 86
640 3258 679 3312 (le
704 3257 850 3313 censoriis
875 3257 987 3313 tabulis
1011 3258 1226 3331 transcriptum
1254 3256 1420 3312 nemodum
1448 3263 1539 3313 recte

234 3357 419 3413 intellexisse
442 3357 569 3429 videtur.
613 3375 723 3414 censor
744 3359 825 3414 enim
848 3359 994 3432 praeconi
1017 3359 1168 3433 imperans
1185 3366 1217 3413 ut
1235 3366 1325 3414 vocet
1349 3374 1440 3413 omncs
1459 3354 1540 3425 Qui·

233 3458 304 3513 riles
321 3459 433 3531 pedites
455 3465 588 3526 crucior,
605 3459 798 3532 prebuiosque
821 3465 967 3515 curatores
983 3460 1108 3514 omnium
1130 3457 1267 3525 tribuum,
1290 3458 1371 3515 cives
1387 3474 1538 3516 romanos

234 3559 335 3614 vocari
358 3557 441 3615 iubet
464 3559 633 3632 generatim
656 3567 748 3632 atque
771 3561 920 3628 nutverse‚
953 3558 1126 3634 singillatim
1157 3567 1260 3616 autem
1293 3565 1449 3614 curatores
1483 3557 1539 3615 tri·

233 3659 334 3731 buum,
360 3676 452 3734 quare
470 3660 608 3732 priuatos
630 3659 672 3715 ibi
694 3661 889 3735 perpusillum
912 3661 1049 3734 aprioos
1071 3661 1202 3717 discedit
1224 3668 1277 3716 aut
1300 3659 1447 3715 adverbio
1463 3661 1538 3732 pri·

234 3761 333 3826 volem,
366 3761 668 3836 comparaurlumque
691 3760 750 3818 hoc
772 3763 945 3838 exemplum
971 3771 1019 3819 est
1042 3781 1110 3819 cum
1144 3762 1193 3818 illo
1217 3760 1374 3818 Ciceronis
1408 3761 1439 3816 in
1463 3761 1536 3834 pri·

234 3866 311 3916 aulos
335 3860 459 3917 hornims
483 3862 559 3935 leges
572 3859 665 3937 ferri
684 3864 857 3932 noluerunt,
882 3865 916 3920 id
934 3870 976 3919 esi
995 3865 1069 3920 entur
1090 3864 1298 3938 priuilegium,
1321 3881 1376 3936 quo
1396 3862 1539 3936 quidest

234 3962 370 4018 zbeusiius
392 3981 452 4018 cum
476 3963 549 4037 legis
569 3963 639 4018 hoec
661 3965 703 4020 ves
721 3965 776 4020 sil:
804 3966 902 4021 serium
925 3967 1072 4022 etruscum
1097 3967 1127 4021 in
1150 3984 1241 4022 omnes
1264 3961 1317 4038 (de
1340 3963 1399 4037 leg.
1413 3961 1457 4019 III
1476 3965 1535 4037 44)

234 4072 286 4120 aut
307 4082 376 4120 cum
398 4063 454 4120 illis
477 4081 556 4138 quae
580 4082 618 4120 ex
640 4066 859 4122 commentario
876 4067 1088 4141 anquisitionis
1106 4065 1281 4140 quaestorio
1294 4065 1392 4124 Varro
1415 4064 1532 4123 eodem

232 4163 306 4220 libro
329 4164 455 4238 protulit
470 4160 489 4237 ξ
503 4166 542 4222 92
565 4165 594 4220 in
618 4183 685 4220 arce
707 4166 844 4221 classicus
867 4174 956 4223 canat
976 4168 1140 4239 circumque
1154 4184 1265 4221 moeros
1289 4170 1315 4221 el
1336 4170 1401 4220 onie
1416 4165 1541 4238 priuati

231 4264 346 4320 huiusce
372 4263 403 4320 z
427 4262 536 4332 Qur'nii
558 4265 655 4340 Trogi
672 4268 808 4324 scelerosi
827 4268 926 4324 ostium
950 4274 1037 4323 conol
1056 4277 1087 4325 et
1110 4271 1147 4327 91
1172 4285 1251 4324 reum
1275 4268 1308 4322 de
1330 4266 1432 4322 moeris
1453 4273 1538 4323 vocet

224 4372 343 4436 praeco,
366 4365 537 4422 cornicinem
561 4368 602 4421 od
614 4368 737 4439 prz'vcli
755 4370 876 4424 ianuam
899 4374 926 4424 et
946 4370 977 4423 in
1001 4387 1094 4425 arcem
1115 4369 1219 4426 meiius.
1262 4368 1417 4424 mittamus
1439 4367 1535 4441 igitur

232 4466 377 4540 privatos
410 4467 564 4523 mittamus
593 4467 686 4524 etiarn
711 4485 787 4541 quos
821 4467 908 4526 Breal
942 4487 979 4525 ex
1014 4470 1149 4526 umbrico
1183 4467 1332 4525 vocabulo
1366 4467 1535 4542 exsculpsit

232 4566 363 4624 viatores
383 4567 573 4624 calatoresve
606 4569 692 4641 quasi
721 4571 926 4644 praeinviatos
949 4571 995 4626 vel
1030 4570 1214 4646 praemissos
1238 4568 1378 4625 inviam.
1423 4585 1534 4626 vereor

232 4669 312 4724 enirn
335 4688 374 4726 ne
394 4668 453 4725 alio
476 4685 533 4724 nos
557 4670 674 4726 clueant
696 4688 774 4745 quae
791 4673 956 4746 prinovatis
973 4673 1086 4730 dantur
1101 4674 1203 4745 vlrgae
1218 4670 1394 4744 ponesz'erier,
1419 4669 1533 4746 inquo
