3742 5364
710 362 748 419 99
1271 362 1382 422 Vrsae

82 559 160 601 com
172 535 830 618 Naharcomlabuscomnome,lrncum
859 544 992 601 Narcum
1024 544 1204 618 Iapudicum
1237 539 1384 623 nomeml

82 649 176 701 totar
208 639 421 709 Tarsinater,
458 636 558 699 trifor
589 638 706 699 Tarsi·
759 645 888 700 civitatis
934 644 1106 714 Tadinatis,
1152 649 1245 704 tribus
1288 648 1383 705 Tadi·

80 751 190 813 nater,
226 740 357 802 Tuscer
384 739 563 800 Naharcer
584 739 704 801 Iabus-
758 746 848 812 natiS,
892 745 986 802 Tusci
1023 746 1115 804 Narci
1151 749 1290 822 Iapudici
1328 768 1382 805 no-

82 861 140 904 cer
155 861 298 903 nomner
320 839 400 901 nerf
419 833 522 901 sihitu
547 832 703 912 ansihitu,
756 845 844 901 minis
856 847 1007 920 principes
1020 849 1138 905 cinctos
1151 851 1310 919 incinctos,
1327 852 1382 907 mi-

80 1068 144 1106 non
168 1058 272 1105 extare
293 1048 416 1122 quidem
440 1046 500 1102 hoc
519 1046 612 1103 hodie
635 1047 666 1102 in
689 1046 795 1102 litteris
821 1047 920 1104 latinis
943 1057 1076 1121 putatur,
1102 1069 1207 1107 verum
1228 1055 1381 1110 recordari

83 1157 221 1225 oportet,
246 1166 306 1221 quo
331 1157 469 1221 tempore
494 1147 524 1201 in
547 1155 653 1219 patera
677 1145 827 1229 Volcente
862 1148 1039 1222 inscriptum
1074 1151 1113 1206 sit
1147 1149 1226 1207 Keri
1248 1155 1381 1225 pocolom

81 1248 171 1324 (CIL.
195 1250 291 1320 146),
312 1249 451 1305 nondum
474 1256 601 1321 coeptas
623 1265 692 1303 esse
715 1249 862 1322 geminari
886 1259 1102 1309 consonantes.
1138 1269 1240 1326 neque
1264 1271 1301 1309 ex
1323 1254 1377 1311 Sa-

50 1371 53 1377 ·
81 1354 145 1410 liari
170 1353 302 1408 carmine
329 1367 408 1423 quae
444 1347 586 1405 adierunt
610 1347 721 1404 Paulus
743 1350 828 1405 Festi
849 1368 880 1424 p.
907 1352 965 1408 122
994 1349 1082 1407 Gerus
1103 1371 1208 1408 munus
1229 1363 1260 1408 et
1282 1352 1379 1410 Varro

81 1454 99 1513 l.
123 1454 173 1512 lat.
198 1452 254 1508 Vll
271 1454 309 1509 26
334 1459 418 1506 certa
441 1451 615 1506 coniectura
640 1451 824 1507 emendatus
845 1453 954 1507 dnonas
981 1452 1069 1520 Ceres
1091 1473 1127 1521 es,
1152 1473 1190 1509 ne
1213 1455 1291 1510 haec
1314 1456 1378 1527 qui·

80 1556 153 1611 dem
175 1555 299 1610 obstant
322 1570 383 1626 quo
407 1553 506 1607 minus
529 1552 791 1623 pronuntiandum
815 1551 930 1608 iremus
953 1555 1125 1612 credamus.
1158 1554 1295 1629 Paeligni
1314 1553 1379 1611 Cer-

68 1655 143 1733 sum
171 1664 202 1710 et
226 1651 351 1710 Semunu
384 1653 537 1709 vocabulis
569 1653 646 1708 deos
675 1669 803 1726 superos
838 1671 944 1709 omnes
980 1655 1255 1728 comprehendunt,
1298 1633 1383 1712 Cerri

78 1759 181 1813 eidem
204 1756 308 1812 dativo
332 1772 405 1810 casu
428 1752 571 1810 Cererem
595 1755 739 1812 scribunt.
786 1753 858 1811 Osci
882 1754 974 1810 Kerri
994 1764 1045 1811 aut
1064 1757 1144 1829 prius
1167 1774 1259 1829 quam
1280 1757 1380 1831 dupli·

78 1866 188 1914 carunt
210 1865 417 1912 consonantes
446 1854 522 1910 Kerr'
547 1863 579 1910 et
606 1853 729 1909 Kerriz'a
753 1855 847 1910 multa
875 1857 998 1912 numina
1021 1874 1038 1910 a
1062 1855 1183 1924 Cerere,
1216 1857 1379 1914 Marrucini

83 1957 164 2014 Certe
187 1957 290 2013 loviae
313 1957 437 2029 reginae
460 1955 620 2029 epitheton
644 1975 661 2010 a
685 1973 756 2011 cero
780 1957 930 2014 dixerunt.
971 1967 1030 2012 tres
1058 1958 1135 2013 deos
1152 1958 1270 2031 iguvini
1286 1958 1379 2015 hosti·

79 2059 135 2114 bus
158 2058 239 2113 diras
262 2058 466 2130 imprecantes
489 2057 519 2111 in
544 2074 636 2112 unum
659 2057 804 2130 colligunt
826 2075 954 2112 numero
978 2058 1123 2131 singulari
1145 2053 1269 2131 (turrim
1288 2058 1378 2133 eqs.),

78 2159 136 2215 sibi
159 2158 259 2215 fausta
283 2159 454 2214 ominantes
478 2158 625 2231 pluralem
648 2157 823 2231 praeferunt
845 2157 960 2234 (ficturo
974 2157 1089 2236 fhner).

180 2261 218 2318 59
258 2259 334 2336 nerf
350 2236 435 2314 Ιπ’]ιίίιι
459 2242 599 2326 ainlibim,
621 2260 695 2314 z'ovz'e
717 2258 829 2313 hortatu
853 2258 1016 2319 anhostatu.
1063 2259 1275 2334 frequentatur
1298 2259 1376 2316 haec

79 2361 174 2434 ligura
196 2362 227 2417 in
250 2361 477 2434 precationibus
496 2361 657 2434 verbisque
681 2359 887 2431 sollemnibus,
912 2362 1017 2417 oz'rseto
1040 2362 1167 2416 avz'rselo
1189 2379 1241 2417 vas
1263 2370 1295 2416 et
1317 2380 1377 2417 ves·

79 2463 131 2517 lala
152 2468 237 2517 snala
261 2467 374 2527 arnald,
408 2461 509 2517 Latini
532 2463 562 2516 in
583 2461 689 2518 Saliari
710 2464 843 2518 carmine
858 2468 1006 2535 pennatos
1028 2463 1260 2534 tmpennalasque
1282 2481 1378 2536 agnas

78 2581 154 2636 quas
178 2562 272 2620 Paulo
305 2570 384 2618 teste
418 2563 518 2635 spicas
554 2580 622 2618 cum
654 2563 751 2618 aristis
775 2572 806 2618 et
828 2565 893 2618 sine
928 2565 1026 2619 aristis
1049 2563 1186 2636 intellegi
1207 2563 1376 2619 voluerant.

78 2663 168 2719 cilrz'lu
188 2663 261 2719 nihil
283 2672 421 2737 pugnant
443 2681 511 2719 cum
534 2664 734 2735 grammatica
757 2672 822 2720 arte
845 2665 894 2737 qui
929 2665 1012 2720 idem
1036 2664 1143 2719 valere'
1159 2671 1250 2735 atque
1274 2664 1377 2718 crizctor

78 2773 258 2821 statuerunt.
306 2765 445 2819 incinctos
473 2764 575 2819 Latini
606 2765 730 2838 quidem
764 2765 877 2820 eodem
899 2782 961 2837 quo
989 2765 1091 2820 czizclos
1126 2781 1219 2820 sensu
1241 2782 1299 2820 nec
1320 2782 1376 2839 pro

77 2866 235 2921 discinctis
250 2874 376 2939 ponunt,
401 2864 470 2921 licet
487 2865 665 2921 adversetur
678 2864 893 2939 Hertzbergius
910 2866 951 2920 ad
968 2863 1105 2938 Properti
1122 2863 1196 2920 iva
1213 2866 1251 2922 38
1268 2884 1297 2938 p.
1314 2868 1376 2925 420

77 2967 144 3022 illos
166 2966 393 3040 reprehendens
417 2966 467 3039 qui
490 2966 581 3020 verba
605 2964 697 3021 Ovidi
730 2965 785 3019 huc
812 2965 891 3020 venit
915 2966 1055 3019 incinctus
1086 2965 1212 3019 tunicam
1236 2972 1377 3022 mercator

78 3067 147 3123 fast.
171 3066 198 3121 V
212 3069 272 3124 675
296 3066 383 3122 aliter
404 3067 644 3139 interpretentur
666 3083 703 3121 ac
726 3064 925 3138 Propertiana
955 3066 1079 3119 rotradus
1101 3065 1228 3120 demersis
1260 3067 1376 3122 institor

76 3169 108 3223 in
132 3169 247 3235 tunice,
286 3186 389 3223 verum
422 3168 531 3223 oblitus
566 3178 613 3223 est
646 3167 786 3223 feriatum
816 3184 852 3222 ac
886 3165 1109 3223 sacrificantem
1141 3174 1229 3222 veste
1260 3169 1375 3225 decora

77 3274 208 3329 describi
231 3272 269 3328 ab
291 3271 412 3339 Ovidi0‚
437 3289 455 3326 a
479 3272 638 3345 Propertio
661 3288 777 3327 merces
795 3271 982 3326 vendentem
1005 3271 1086 3326 cultu
1111 3271 1294 3326 cottidiano.
1331 3269 1375 3324 ni·

75 3372 138 3428 hilo
161 3374 254 3429 setius
276 3373 406 3428 ancz'ln'tu
430 3373 569 3446 accipere
593 3389 654 3427 non
677 3373 794 3427 cinctos
818 3371 891 3426 item
915 3379 949 3426 ut
972 3371 1111 3444 ignotum
1133 3370 1223 3427 Latio
1244 3370 1375 3426 vocabu·

77 3475 138 3530 lum
161 3492 197 3529 ex
222 3475 371 3531 anhoslatu
393 3475 524 3530 reddere
548 3475 709 3534 audemus.
746 3483 816 3530 sunt
840 3474 921 3529 enim
944 3475 1062 3529 cinctus
1079 3473 1234 3546 cingulum
1256 3473 1375 3545 accingi

76 3586 150 3650 apta
172 3577 295 3632 militiae
320 3576 566 3648 bellantibusque
589 3577 704 3632 decora
734 3572 930 3650 (discinctum
954 3576 1079 3631 destitui
1102 3575 1282 3641 centurioni,
1315 3576 1376 3631 dis·

75 3679 208 3734 cinctum
230 3679 305 3733 dare
329 3679 447 3750 signum
471 3678 542 3732 duci
565 3688 652 3752 turpe
675 3686 731 3744 est,
755 3677 883 3733 Avidius
908 3675 1033 3733 Cassius
1056 3678 1217 3733 militarem
1241 3677 1374 3750 discipli·

75 3799 147 3837 nam
183 3780 373 3835 restituturus
408 3781 511 3846 edixit,
548 3782 642 3854 siquis
677 3780 792 3835 cinctus
824 3779 1010 3834 inveniretur
1033 3779 1116 3853 apud
1141 3777 1312 3852 Daphnen,
1342 3786 1375 3833 ut

75 3881 241 3937 discinctus
265 3875 400 3955 rediret).
450 3898 467 3934 e
504 3883 529 3936 si
554 3882 670 3937 virtutis
694 3882 832 3957 pondere
855 3881 937 3936 nullo
966 3881 1122 3954 superiora
1146 3881 1286 3935 videntur
1317 3879 1373 3935 illis

75 3983 183 4056 quibus
207 3982 282 4036 z'ovz'e
304 3990 449 4038 ornantur
471 3982 558 4038 hasta
582 3984 732 4057 armisque
765 3980 815 4053 (cf.
841 3980 1048 4038 Allluellerum
1077 3983 1117 4037 de
1151 3980 1273 4052 cingulo
1297 3979 1373 4035 mili-

75 4082 137 4137 tiae
166 4100 195 4155 p.
218 4082 259 4152 7),
296 4090 326 4137 at
353 4083 452 4154 priora
479 4091 548 4138 sunt
577 4092 735 4139 momento
759 4083 915 4157 temporis.
961 4099 1072 4155 nempe
1104 4081 1294 4155 procinctum
1327 4089 1374 4134 est

74 4176 154 4240 brev
189 4175 233 4253 εἰς
261 4166 416 4254 πόλεμονΙ
436 4178 702 4253 συγκαλέσωνται
735 4179 901 4254 (Philon),
939 4183 1043 4256 itaque
1081 4181 1156 4259 ners
1180 4181 1373 4254 praepositos

75 4282 184 4337 ceteris
210 4282 352 4337 militibus
375 4283 453 4338 viros
473 4284 632 4355 primarios
648 4284 761 4358 populi,
785 4301 912 4357 quorum
936 4284 1071 4358 auspicio
1092 4284 1189 4340 classe
1215 4281 1374 4356 procincta

74 4398 123 4437 res
145 4383 265 4454 geritur,
289 4382 359 4437 belli
380 4385 528 4456 pacisque
551 4386 764 4441 moderatores
787 4385 870 4442 haud
893 4386 973 4441 male
996 4386 1056 4441 dici
1080 4386 1196 4440 cinctos
1222 4382 1373 4438 incinctos

75 4482 214 4540 arbitror.
259 4482 349 4538 aliam
373 4503 467 4559 nuper
495 4503 716 4559 proposueram
743 4487 1043 4560 interpretationem,
1068 4504 1138 4542 nam
1165 4503 1233 4542 cum
1255 4485 1373 4559 patricii

74 4584 242 4656 equitatum
266 4587 452 4642 constituere
486 4586 606 4643 soleant
639 4588 669 4642 in
701 4589 807 4661 priscis
831 4592 920 4646 rebus
944 4590 1071 4664 publicis
1096 4608 1226 4666 cunique
1251 4606 1301 4642 rex
1325 4606 1373 4643 ro·

74 4701 181 4740 manus
206 4685 328 4742 lustrum
352 4689 465 4743 condat
500 4683 598 4760 τάξας
626 4683 703 4761 τούς
732 4706 767 4748 τε
794 4686 900 4764 ἱππεῖς
930 4687 1010 4749 κατὰ
1038 4687 1113 4762 τέλη
1144 4690 1197 4754 καὶ
1222 4685 1300 4761 τοὺς
1320 4705 1375 4748 πε-
