3742 5364
229 328 320 386 VIA3
872 329 911 385 44

231 528 286 584 va,
306 507 311 588 Ι
329 507 430 588 peico
453 516 593 579 memte,
625 506 726 587 peica
752 526 888 569 mers-a
909 505 1223 588 prosperam,lpicum
1234 514 1421 587 legitumum,
1434 513 1537 586 picam

230 620 276 685 ta,
306 620 437 672 mersta
459 609 570 682 avvei‚
592 620 722 672 mersta
749 610 856 690 angla
907 613 1091 687 legitumarn,
1104 615 1264 686 legiturnas
1277 632 1359 683 aves,
1371 614 1536 687 legitumas

231 732 347 776 esona.
392 710 542 774 arfertur
566 732 626 773 eso
653 709 856 792 anstiplatul
906 716 1028 772 oscines
1037 711 1183 772 divinas?'
1199 716 1310 772 flamen
1321 716 1364 772 sic
1375 716 1537 790 instIpula-

231 812 269 876 ef
299 811 426 875 aserio:
464 810 575 892 ‘paria
607 812 744 885 dersva,
781 831 855 873 cur·
907 806 1557 893 torleasobservari:‘parramprosperam,¹

229 933 318 978 naco
335 913 471 988 dersva,
484 912 737 993 peicomerst0‚
754 912 855 993 peica
906 918 1060 974 cornicem
1082 935 1271 993 prosperam,
1300 918 1402 993 picum
1424 918 1537 993 legitu-

231 1226 279 1276 tur
300 1218 342 1274 ad
365 1236 433 1274 eam
456 1218 578 1275 flexisse
602 1218 758 1274 lenitatem
781 1217 830 1275 cui
854 1218 885 1274 in
917 1218 1026 1276 mediis
1050 1218 1208 1276 vocabulis
1236 1228 1307 1293 post
1328 1221 1465 1277 nasalem
1488 1221 1536 1276 in·

233 1415 336 1480 ἕκτον.
379 1420 535 1495 proximus
558 1419 705 1476 adlerlori
727 1420 818 1475 sedet
840 1436 938 1493 augur
959 1420 989 1475 in
1013 1420 1221 1488 tabernacula
1257 1429 1290 1476 ut
1312 1420 1414 1476 Latini
1437 1421 1536 1489 aiunt,

233 1531 267 1579 ut
281 1522 399 1586 Vmbri,
421 1528 542 1577 tremnu.
588 1521 672 1595 quod
696 1538 810 1576 nomen
833 1522 911 1577 sicut
934 1518 1088 1577 Somnium
1111 1540 1129 1578 a
1148 1519 1271 1577 Sobrius
1289 1522 1491 1579 descendisse
1516 1544 1537 1582 a

229 1623 304 1680 treb-
337 1631 423 1699 put0,
457 1624 542 1697 quod
572 1624 697 1679 verbum
721 1641 808 1679 versu
834 1625 852 1682 8
877 1622 986 1696 legitur
1013 1622 1088 1702 pufe
1110 1622 1261 1701 eraserim
1289 1622 1392 1679 treberi
1412 1618 1490 1683 ἔνθα
1515 1621 1537 1684 ὁ

230 1721 334 1801 ‘repelle
357 1723 518 1802 διατρίβει.
552 1728 732 1802 principium
756 1736 859 1784 tamen
874 1735 908 1783 ut
930 1727 1130 1784 tabernaculo
1148 1728 1289 1795 taberna,
1312 1726 1356 1783 sic
1376 1726 1433 1783 illis
1450 1725 1536 1784 trabs

230 1827 420 1902 tignumque,
443 1830 526 1884 unde
539 1827 612 1886 Osci
634 1830 666 1886 in
689 1828 1034 1904 ephebeoPompeiano
1059 1828 1178 1884 lriibu'm
1205 1828 1275 1883 elale
1297 1827 1329 1883 id
1351 1835 1398 1883 est
1422 1828 1536 1884 domum

230 1928 306 1984 hanc
328 1937 358 1985 et
380 1931 411 1986 in
423 1930 573 1989 Abellano
596 1931 687 2005 cippo
710 1929 958 1994 trib-nrakaoum,
982 1928 1146 2002 aedificare.
1189 1929 1337 1985 ablativus
1357 1946 1426 1985 cum
1449 1929 1536 2002 posi-

232 2037 283 2085 tus
307 2030 345 2086 sit
367 2032 460 2096 solus
484 2032 601 2088 cautius
617 2031 808 2107 interpretari
820 2031 918 2087 voles:
943 2031 983 2086 de
1004 2029 1213 2097 tabernaculo,
1237 2047 1273 2084 ex
1296 2030 1346 2086 illo
1370 2029 1438 2086 loco
1461 2047 1535 2103 pro·

230 2131 372 2188 nuntiato
391 2133 515 2199 sedenS,
539 2132 660 2206 qualem
673 2132 732 2188 vim
755 2133 833 2188 domo
854 2131 947 2188 habet
970 2132 1016 2187 vel
1030 2130 1203 2189 Plautinum
1225 2130 1313 2203 quasi
1328 2148 1406 2186 saxo
1429 2131 1536 2192 solrol.

231 2250 338 2289 vereor
358 2250 397 2289 ne
416 2251 480 2289 non
496 2251 577 2292 vere.
609 2250 668 2289 nec
690 2239 830 2289 trenmuto
853 2233 1056 2308 scriptumest
1078 2250 1137 2289 nec
1160 2237 1276 2296 trenzne,
1300 2240 1332 2289 ut
1355 2249 1393 2288 ea
1404 2231 1536 2306 regione·

235 2336 361 2400 sedens,
385 2335 416 2391 in
439 2353 507 2393 eam
532 2352 635 2391 versus
658 2352 754 2409 augur
775 2335 915 2410 proloqui
937 2335 1092 2391 iuberetur
1114 2352 1175 2407 qua
1196 2333 1307 2389 flamen
1330 2332 1439 2402 treberi,
1462 2319 1545 2406 lege¹

235 2435 385 2493 adnotata
408 2436 450 2493 ad
471 2435 516 2492 III
539 2438 589 2495 22.

332 2537 472 2595 osericn‘a.
504 2537 575 2593 licet
593 2555 649 2612 per
670 2537 902 2610 grammaticam
924 2537 1117 2612 interpretari
1132 2535 1284 2612 observem,
1308 2537 1380 2595 licet
1395 2538 1533 2597 observet.

232 2637 291 2694 hoc
314 2638 339 2694 si
363 2639 484 2711 probas,
508 2639 598 2696 tertia
619 2656 751 2714 persona
767 2657 829 2713 qua
852 2656 949 2712 augur
970 2639 1122 2696 inducitur
1145 2656 1296 2713 suspensa
1314 2646 1361 2695 est
1383 2657 1421 2693 ex
1441 2638 1535 2710 olzplo

232 2739 467 2814 stipulantisque
490 2741 658 2799 voluntate.
703 2741 776 2797 illusi
806 2742 944 2827 praetuli,
978 2741 1050 2814 quia
1072 2760 1098 2800 v.
1123 2744 1141 2799 3
1164 2750 1196 2797 et
1220 2742 1267 2809 16,
1303 2740 1354 2795 ubi
1379 2758 1423 2795 eso
1444 2756 1534 2812 prae-

232 2841 370 2909 mittitur,
403 2841 500 2898 relata
520 2843 588 2917 ipsa
609 2843 702 2899 verba
730 2843 884 2918 loquentis
908 2843 1059 2899 videmus:
1094 2841 1137 2898 sic
1160 2859 1256 2917 augur
1278 2841 1391 2897 flamini
1412 2841 1534 2915 praeito

236 2942 310 3016 quid
343 2942 480 3016 stipulari
503 2944 626 3004 debeat.
671 2945 861 3018 grammatici
883 2944 1065 3000 discriminis
1099 2943 1233 3000 tenuitas
1256 2943 1328 3017 quia
1361 2961 1424 2999 non
1449 2960 1534 2999 com·

231 3051 334 3100 movet
360 3044 556 3113 sententiam,
592 3045 689 3102 finalis
723 3046 823 3102 littera
846 3053 913 3102 utra
935 3045 1009 3101 libet
1031 3044 1132 3100 omitti
1158 3044 1266 3118 potuit.
1310 3044 1397 3116 slz'plo
1423 3061 1459 3099 ex
1482 3045 1533 3098 sli-

225 3145 342 3217 plaum,
364 3145 517 3217 simulare.
562 3141 723 3221 εἐπερωτῶ
747 3148 887 3204 consulto
909 3146 1065 3220 interrogo
1086 3146 1206 3219 slzprrlo,
1229 3142 1440 3218 ἑπερωτῶμαι
1462 3162 1534 3218 pro·

232 3245 321 3302 mitto
344 3246 485 3319 spondeo
507 3246 644 3321 stipulor'
669 3247 788 3304 lexicon
801 3246 910 3323 Cyrillo
935 3248 1133 3314 adtributum,
1156 3247 1246 3320 volgo
1271 3247 1417 3303 dicebant
1438 3263 1534 3319 pecu-

232 3346 314 3402 niam
337 3347 521 3422 stipulatam.
559 3341 712 3405 ‘condicio
744 3349 838 3422 ipsius
861 3348 979 3423 augurii
1005 3356 1089 3404 certa
1117 3348 1347 3422 nuncupatione
1371 3347 1533 3403 verborum

232 3448 353 3517 dicitur,
387 3449 468 3523 quali
498 3451 682 3507 condicione
706 3453 865 3525 augurium
899 3460 1076 3526 peracturus
1100 3445 1147 3507 sit'
1171 3451 1292 3507 Servius
1315 3446 1457 3506 Aenlss
1480 3448 1532 3513 89,

234 3564 314 3622 quae
336 3566 384 3606 res
408 3550 527 3607 Romae
548 3553 650 3626 legum
673 3553 768 3611 dictio
787 3554 1010 3629 appellabatur.

333 3651 355 3708 3*
375 3651 477 3707 avaei:
501 3659 588 3709 tanto
621 3654 688 3730 plus
712 3655 920 3711 excusationis
943 3653 1061 3710 Ennius
1093 3651 1187 3708 habet
1212 3653 1298 3725 quod
1320 3650 1533 3706 hexametrum

233 3768 303 3810 ann.
327 3753 367 3810 97
380 3750 417 3811 V.
441 3753 480 3809 ab
504 3754 602 3811 avium
633 3763 781 3830 tanquam
813 3755 911 3830 longis
945 3754 1066 3831 syllabis
1089 3754 1210 3810 duabus
1241 3769 1368 3809 exorsus
1392 3758 1449 3809 est.
1493 3766 1531 3805 ex

234 3853 395 3926 ansliplolu
427 3854 573 3929 praesidii
595 3856 710 3931 aliquid
743 3857 846 3914 existit
874 3855 1072 3930 instipulandi
1102 3855 1194 3911 verbo
1217 3854 1322 3921 latin0,
1356 3852 1440 3910 cuius
1468 3851 1532 3908 duo

232 3954 426 4028 proferuntur
457 3958 597 4032 exempla
626 3954 813 4033 (Priscianus
835 3958 908 4015 VIII
931 3961 968 4017 21
993 3976 1021 4032 p.
1045 3959 1105 4017 388
1128 3955 1193 4032 Η.),
1228 3975 1321 4013 unum
1352 3972 1449 4030 nuper
1477 3954 1532 4010 ob·

232 4056 396 4114 litteratum
419 4066 467 4116 est
489 4054 547 4136 (Pl.
571 4058 683 4119 Pseud.
707 4059 811 4136 1069).

334 4161 354 4218 4
377 4159 413 4239 es
425 4162 527 4219 arena.
565 4161 602 4240 es
615 4171 646 4219 et
668 4161 725 4241 eof
736 4162 842 4220 Vmbri
862 4171 896 4219 ut
910 4161 1012 4219 Latini
1031 4181 1071 4218 em
1092 4162 1130 4217 im
1153 4170 1183 4217 et
1206 4179 1277 4226 eum,
1301 4160 1427 4217 formam
1449 4158 1532 4216 enim

234 4261 435 4318 similitudinis
458 4262 612 4320 dederunt
634 4263 740 4321 litteris
773 4265 874 4321 studia
904 4266 1074 4320 doctorum.
1120 4272 1202 4320 certe
1224 4279 1322 4336 genus
1346 4262 1447 4319 avium
1468 4278 1533 4317 non

235 4362 414 4420 distinctum
429 4371 486 4433 est,
510 4364 711 4421 masculinum
732 4383 772 4421 an
787 4365 975 4423 femininum.
1008 4365 1171 4421 infinitivus
1187 4365 1271 4438 quod
1293 4364 1394 4421 activo
1416 4379 1532 4437 genere

235 4481 397 4539 expressus
431 4474 479 4521 est
501 4496 542 4504 —
564 4467 716 4524 nescimus
752 4474 855 4524 autem
887 4466 999 4542 passivi
1033 4465 1211 4522 infinitivum
1239 4483 1310 4521 num
1343 4482 1404 4522 uno
1438 4463 1532 4520 verbo

234 4566 389 4640 potuerint
410 4566 566 4623 includere
590 4598 629 4607 -
652 4586 720 4626 cum
741 4587 854 4643 graeca
876 4567 1099 4626 consuetudine
1116 4566 1254 4641 congruit
1276 4563 1397 4637 λεγέτω
1409 4560 1543 4640 φυλάτε

234 4683 300 4726 τειν
323 4663 400 4728 τοὺ(
423 4662 570 4745 οἰωνούς.
