3742 5364
232 342 359 406 viiito
375 346 456 406 Into
854 347 914 405 114

228 528 360 591 Tursar
397 548 457 590 eso
494 536 628 589 tasetur
651 528 655 597 Ι
681 524 849 607 persnihi·
864 549 888 587 n
903 529 1021 588 Tursae
1073 530 1116 587 sic
1173 531 1257 588 taciti
1300 525 1305 607 Ι
1345 539 1536 605 precantor:

229 649 363 693 murno:
384 628 507 691 ‘Tursa
526 627 634 700 Iovia,
654 637 763 689 totam
784 627 850 688 Ta·
902 626 1013 688 ‘Tursa
1062 631 1172 700 Iovia,
1229 633 1385 689 civitatem
1435 631 1538 689 Tadi·

230 731 405 802 rsinatem,
430 727 747 805 trifoTarsinatem,
766 727 852 790 Tus·
903 742 1020 802 natam,
1057 734 1167 790 tribum
1201 733 1401 801 'l'adinatem,
1450 733 1536 791 Tus·

229 851 305 894 com
328 831 524 892 Naharcom
554 828 703 910 Iapuseo
740 847 852 899 nome,
905 852 974 891 curn
1007 834 1140 892 Narcum
1179 834 1365 909 Iapudicum
1403 852 1535 904 nomen,

229 941 323 994 totar
342 938 346 1005 Ι
366 916 578 1002 Tarsinater‚
611 928 710 992 trifor
738 928 852 991 Tarsi·
905 934 1035 991 civitatis
1059 936 1063 1007 Ι
1083 935 1257 1003 'fertinatis
1301 937 1394 994 tribus
1432 935 1534 995 Tadi·

229 1043 337 1107 nater,
369 1034 501 1096 'suseer
521 1031 701 1094 Naharcer
731 1030 852 1112 Iapus·
902 1038 1001 1104 natis,
1072 1036 1166 1094 Tusci
1231 1036 1322 1095 Narci
1387 1039 1534 1114 inpudici

229 1154 288 1199 cer
327 1154 471 1197 nomner
507 1132 588 1196 nerf
622 1133 727 1195 sihitu
764 1132 851 1195 ansi·
902 1139 1033 1196 nominis
1070 1139 1222 1213 principes
1258 1140 1374 1196 cinctos
1412 1141 1533 1199 incinc-

229 1235 316 1308 hitu,
359 1234 452 1297 iovie
487 1235 628 1297 hostatu
663 1232 854 1315 anostatul
903 1249 962 1307 tos,
1006 1241 1116 1297 milites
1157 1240 1297 1298 hastatos
1341 1237 1535 1316 inhastatosl

232 1335 355 1398 tursitu
396 1335 544 1408 tremitu‚
592 1335 709 1396 hondu
746 1335 852 1411 holin,
904 1342 1056 1414 completo
1070 1343 1177 1398 timore
1188 1350 1328 1411 tremore,
1342 1341 1414 1417 fuga
1425 1343 1534 1401 formi-

228 1437 346 1500 ninctu
385 1435 518 1517 nepitu,
563 1436 676 1497 sunitu
724 1438 851 1509 savitu‚
905 1442 986 1512 dine,
1023 1443 1091 1497 nive
1122 1442 1236 1510 nimbo,
1266 1442 1397 1521 fragore„
1415 1444 1532 1515 furore,

229 1540 477 1621 preplohotatu
499 1533 696 1617 previslatu.
741 1539 854 1601 Tursa
905 1543 991 1599 senio
1058 1545 1189 1599 servitio
1267 1542 1368 1601 Tursa
1424 1544 1533 1615 foria,

229 1639 336 1709 Iovia,
359 1638 434 1700 futu
444 1637 521 1700 fons
539 1640 548 1711 f
563 1658 668 1720 pacer
683 1659 768 1719 pase
792 1651 852 1702 tua
866 1664 891 1703 so
905 1653 972 1700 esto
996 1645 1101 1701 volens
1119 1642 1128 1713 l
1143 1645 1274 1719 propitia
1297 1663 1374 1719 pace
1396 1654 1450 1703 tua
1473 1664 1534 1720 po-

230 1740 337 1822 pople
373 1748 468 1802 totar
503 1724 652 1815 lovinar‚
691 1751 765 1802 tote
799 1740 850 1802 Io·
903 1746 975 1819 puio
999 1746 1128 1802 civitatis
1152 1746 1307 1819 Iguvinae,
1330 1747 1443 1804 civitati
1459 1747 1533 1822 Igu·

230 1840 319 1913 vine,
354 1860 432 1902 erar
459 1859 561 1901 nerus
584 1832 693 1902 sihitir
727 1833 851 1904 ansihi·
904 1846 1002 1915 vinae,
1020 1847 1084 1902 eius
1096 1847 1279 1920 principibus
1291 1848 1400 1905 cinctis
1411 1848 1534 1906 incinc-

229 1943 283 2014 tir,
319 1939 430 2003 iovies
462 1940 611 2002 hostatir
648 1941 851 2013 anhostatir,
904 1949 951 2023 tis,
999 1946 1142 2003 militibus
1183 1947 1312 2006 hastatis
1354 1947 1532 2023 inhumatis,

230 2063 327 2106 erom
346 2045 350 2122 l
370 2060 504 2115 nomne,
522 2061 600 2104 erar
611 2041 754 2104 nomne'.
778 2052 852 2104 este
904 2064 1009 2104 eorum
1029 2049 1033 2113 Ι
1053 2049 1177 2115 nomini,
1200 2049 1264 2106 eius
1277 2043 1411 2109 nomini'.
1443 2050 1532 2107 istud

230 2142 475 2224 trioperdeitu.
500 2158 602 2205 'enom
624 2141 752 2224 ivenga
773 2162 851 2223 per·
903 2156 949 2205 ter
982 2149 1086 2206 dicito.
1136 2159 1199 2206 tum
1231 2150 1374 2208 iuvencas
1398 2167 1438 2207 ex
1461 2152 1532 2226 opi·

229 2350 260 2406 in
282 2367 345 2406 rem
378 2349 477 2423 ipsam
506 2349 548 2404 ita
578 2350 707 2422 quadrat
730 2356 762 2404 ut
790 2349 932 2422 ignoscas
960 2350 985 2404 si
1014 2351 1213 2422 grammatica
1247 2350 1294 2407 lex
1323 2353 1447 2410 minoris
1471 2354 1532 2411 du·

232 2460 325 2511 catur.
369 2451 462 2507 immo
486 2468 556 2506 vero
580 2450 687 2524 Buggii
711 2450 930 2524 amplectamur
953 2452 1138 2506 sententiam
1159 2452 1389 2526 interpretantis
1408 2454 1532 2510 antula·

229 2554 306 2610 uerit
328 2552 549 2616 circumtulerit,
584 2552 631 2608 cui
664 2560 695 2607 et
723 2550 817 2607 latina
846 2551 948 2607 favent
983 2552 1041 2606 toli
1071 2552 1161 2607 latum
1191 2563 1222 2609 ct
1246 2553 1426 2611 Vmbrorum
1449 2572 1531 2629 ager

229 2654 345 2711 Tlatius
368 2649 572 2728 τελεσφόρος
595 2662 629 2708 ut
651 2653 769 2726 opinor,
799 2662 882 2709 certe
905 2653 1031 2726 quidem
1059 2670 1076 2706 a
1100 2653 1152 2709 tol·
1177 2654 1287 2711 dictus.
1333 2664 1473 2712 ceterum
1499 2656 1531 2713 in

223 2757 366 2828 posterus,
396 2756 539 2829 quoniam
564 2762 620 2827 pos
642 2754 826 2827 praepositio
850 2753 923 2809 alias
947 2763 1066 2809 sextum
1089 2770 1194 2809 casum
1218 2755 1303 2811 ducit
1326 2765 1357 2812 et
1381 2765 1531 2830 quartum

230 2858 303 2914 alias
324 2859 417 2913 tertz'rn
438 2857 596 2923 habemus,
620 2856 785 2913 ablativum
808 2872 907 2911 rursus
931 2854 1131 2928 deprehendo
1155 2856 1197 2912 sic
1220 2865 1253 2911 ut
1274 2875 1349 2914 suero
1377 2855 1436 2913 VII
1460 2856 1486 2913 B
1512 2860 1529 2917 l

229 2958 445 3015 abhorrentem
478 2976 496 3014 a
527 2958 741 3014 terminatione
773 2956 925 3013 communi
948 2957 977 3011 in
1002 2975 1034 3024 u,
1071 2956 1108 3014 cf.
1129 2975 1158 3030 p.
1173 2959 1222 3016 60.
1265 2957 1532 3032 praepositionem

229 3060 309 3116 illam
331 3057 405 3116 Osci
427 3076 549 3133 quoque
571 3077 638 3116 curn
661 3058 795 3115 ablativo
818 3059 954 3132 iungunt.

329 3161 367 3218 51
396 3167 550 3234 postquam
572 3161 687 3216 tertium
704 3159 843 3232 populum
866 3158 1051 3225 lustraverit,
1085 3159 1234 3214 iuvencam
1265 3158 1386 3231 opr'rnam
1409 3155 1532 3233 fugato

227 3270 317 3334 super
340 3261 450 3317 cumr'tr'o
478 3261 618 3340 adfertur,
646 3260 805 3334 prz'novati
835 3262 908 3315 duas
926 3258 1068 3334 suganto.
1114 3257 1199 3336 2'nsru
1224 3255 1334 3334 sorum
1365 3258 1532 3317 sehmenr'ar

231 3364 376 3436 capiunto
422 3381 470 3418 ecs
492 3362 626 3417 ruvereus
648 3368 704 3416 tres
727 3362 757 3415 z'n
776 3360 936 3434 Aquilonia
949 3359 1048 3438 jucr'to
1065 3361 1107 3415 sic
1124 3377 1176 3415 aes
1199 3359 1265 3418 113:
1287 3361 1317 3416 in
1336 3358 1394 3415 VII
1418 3360 1532 3436 r'uenga

224 3464 363 3538 peracrz'o
385 3464 528 3518 iuvencas
551 3462 678 3517 dilectas
701 3461 760 3516 dici
783 3469 858 3535 puto
883 3479 921 3516 ex
943 3460 1167 3519 mactabilibus.
1214 3461 1254 3515 de
1281 3461 1533 3535 interpunctione

230 3566 352 3621 dubites
373 3565 403 3620 in
426 3571 556 3637 utroque
579 3561 761 3636 exemplari,
794 3558 880 3635 infra
902 3559 1010 3638 forum
1038 3569 1139 3617 utrum
1169 3560 1258 3634 fugae
1286 3579 1325 3617 an
1355 3561 1532 3635 prensionis

232 3667 324 3722 verbo
348 3664 585 3722 adtribuendum
609 3664 656 3719 sit.
694 3680 795 3718 verum
817 3662 842 3717 si
861 3670 932 3735 post
945 3660 1050 3739 sorum
1065 3662 1152 3717 fieret
1169 3662 1336 3740 distinctio,
1361 3662 1532 3723 manifesto

231 3767 374 3840 agitatori
397 3767 540 3822 iuvencas
556 3764 648 3838 legati
663 3763 764 3829 alium,
789 3762 880 3818 alium
901 3762 1012 3818 flamen
1028 3763 1127 3819 locuni
1147 3773 1335 3837 occuparent
1357 3767 1533 3825 secundum

231 3877 367 3924 veterem
391 3869 499 3941 legem,
522 3865 605 3921 cuius
629 3873 732 3920 tamen
756 3864 937 3919 discriminis
960 3864 1075 3920 nullum
1097 3865 1127 3919 in
1164 3882 1244 3921 nova
1276 3866 1343 3940 lege
1366 3867 1533 3939 vestigium

231 3977 368 4043 apparet.
415 3985 475 4042 qua
496 3985 528 4024 re
552 3986 628 4024 cum·
643 3968 832 4024 concordare
855 3984 908 4023 eas
932 3985 1022 4040 quam
1045 3968 1196 4024 dissidere
1232 3967 1291 4025 bac
1321 3969 1405 4024 inre
1428 3971 1531 4030 multo

231 4072 270 4127 sit
290 4068 492 4144 probabilius,
516 4070 605 4125 verba
628 4069 672 4125 sic
694 4077 727 4124 ut
750 4086 840 4142 supra
871 4068 929 4125 feci
952 4069 1156 4143 disiungenda
1179 4077 1265 4136 sunt,
1299 4069 1480 4145 tabulasque
1504 4075 1533 4132 si

230 4172 400 4246 inspexeris
423 4170 515 4244 ipsas
541 4170 720 4244 scripturam
743 4187 847 4226 earum
871 4178 902 4226 et
917 4170 1152 4243 dispositionem
1172 4188 1235 4240 non
1257 4169 1433 4229 infitiaberis
1456 4171 1533 4233 huic

231 4273 404 4328 sententiae
426 4271 618 4345 patrocinari.
664 4271 773 4327 vitulae
797 4271 931 4328 hostium
955 4271 1050 4328 instar
1083 4272 1207 4344 fugatae
1240 4280 1349 4345 captae
1370 4280 1533 4334 mactatae

232 4373 445 4447 depulsionem
468 4374 614 4429 malorum
638 4372 795 4430 victoriam
811 4372 988 4430 felicitatem
1000 4373 1103 4447 populi
1118 4375 1315 4447 portendunt.
1349 4373 1470 4431 Romae
1485 4376 1533 4436 111

231 4490 329 4530 nonas
354 4473 524 4545 Quinctiles
549 4473 642 4530 feriae
665 4455 753 4530 erant
770 4472 940 4547 Poplifugia
956 4474 1133 4530 nominatae
1157 4475 1200 4530 sic
1223 4483 1255 4530 ut
1272 4454 1468 4548 Regifugium
1485 4476 1533 4535 VI

232 4573 380 4631 kalendas
400 4575 540 4643 Martias,
564 4575 604 4630 de
627 4575 735 4648 quibus
759 4591 829 4631 cum
852 4574 969 4631 fabulas
992 4575 1066 4631 satis
1089 4574 1199 4631 multas
1233 4574 1298 4631 libri
1322 4582 1460 4632 veterum
1482 4594 1535 4635 re·

232 4674 340 4742 ferant,
365 4684 467 4731 tamen
491 4691 552 4749 quo
574 4675 632 4730 ritu
655 4674 829 4733 celebratae
852 4675 912 4732 sint
933 4675 1095 4732 nescimus.
1131 4673 1226 4731 Varro
1252 4674 1268 4734 l.
1282 4675 1331 4734 lat.
1345 4673 1389 4731 VI
1406 4678 1446 4735 18
1469 4680 1535 4737 ali-
