3742 5364
695 343 754 402 199

325 534 413 586 orlom
436 537 546 595 ortum,
571 527 692 584 comotir
714 526 785 603 imp.
811 528 929 584 comollu
952 530 1008 586 sed
1031 531 1136 588 malelu
1159 532 1305 603 molitum,
1328 551 1373 590 co·

226 629 337 686 moliole
361 639 533 697 commota,
566 627 707 685 screz'hlor
729 627 839 696 scritti,
875 625 1041 709 aansehtas
1062 631 1207 708 infectas,
1243 634 1373 692 saltatum

226 740 375 796 sanctam,
394 717 491 786 iz'bz'lr'r
513 730 631 788 cinctis.

324 831 434 888 kuratu
459 839 613 907 curatum,
647 820 800 887 'sersnalur
823 831 935 898 cenati,
973 815 1106 889 luderulo
1139 842 1172 890 ut
1199 834 1372 914 toleratum,

218 941 311 1007 proco
327 938 533 1007 praectarum.

325 1033 426 1088 mur'elo
450 1051 469 1089 a
491 1019 737 1106 muge-,areleffi
754 1017 911 1104 proseletr'r
931 1051 949 1088 a
971 1032 1064 1098 selo,
1087 1016 1211 1091 voletam
1234 1053 1253 1091 a
1271 1037 1372 1106 vaka·,

227 1136 333 1191 uz'rselo
356 1153 374 1190 a
397 1134 544 1201 vidend0,
558 1129 700 1208 frosetom
724 1133 763 1189 al.
787 1141 847 1192 vet.
871 1140 950 1190 erelu
972 1151 1028 1209 pro
1051 1134 1144 1191 herz'to
1166 1135 1284 1194 ltereito.

325 1235 424 1291 statim
447 1242 564 1291 statuta
587 1230 672 1308 (imp.
689 1233 721 1289 fit
736 1234 865 1308 amplior
885 1232 1045 1308 studitam),
1066 1235 1189 1292 stuhmei
1206 1237 1373 1305 stahmeitei,

224 1337 327 1392 sarsz'te
349 1344 430 1392 sarte
452 1344 486 1392 ut
508 1336 637 1392 sarcitor
658 1344 765 1394 sartor.
809 1336 954 1402 nardium
988 1329 1057 1413 (sut.
1083 1337 1263 1410 parlantes)
1291 1340 1373 1395 malo

227 1438 381 1494 aestimari
403 1445 552 1510 tanquam
575 1437 731 1511 proditum
754 1437 915 1496 creditum.

324 1538 474 1596 ablativus
498 1538 657 1595 absolutus
681 1556 747 1595 aver
770 1538 941 1607 anteriores,
975 1538 1006 1595 in
1039 1537 1098 1596 hoc
1120 1557 1233 1613 genere
1257 1558 1373 1597 memo·

224 1648 290 1696 ratu
315 1640 442 1714 dignum
465 1638 593 1695 tumores
614 1638 810 1706 commolitis,
839 1640 881 1696 ad
909 1640 995 1714 quod
1017 1642 1238 1697 arcessendum
1265 1650 1313 1697 est
1335 1659 1373 1697 ex

224 1742 373 1816 imperato
397 1757 521 1808 nornen,
544 1739 572 1795 ΙΙ
585 1740 612 1796 Α
625 1741 665 1798 42
689 1739 826 1796 antakres
849 1740 983 1799 kumates.

324 1860 419 1899 unum
442 1849 539 1898 restat
560 1840 755 1916 participium
778 1840 946 1898 abhorrens
970 1841 1008 1897 ab
1033 1841 1148 1898 usitata
1170 1842 1266 1916 figura
1284 1841 1373 1921 spasu

224 1944 399 2019 spatiatum,
422 1943 491 2016 imp.
507 1960 589 2016 pass.
611 1941 750 2015 spoli-mu
771 1941 922 2014 spallam,
947 1941 985 1998 cf.
1011 1959 1103 2017 supra
1124 1959 1153 2016 p.
1176 1945 1245 2002 184.

323 2045 404 2101 hanc
426 2044 564 2119 speciem
587 2043 745 2100 imitantur
776 2043 977 2118 participialia
1005 2044 1131 2101 nomina
1153 2053 1299 2118 quattuor
1321 2045 1372 2100 ab·

224 2148 315 2204 lativo
340 2164 414 2204 casu
437 2163 594 2221 expressa,
623 2146 687 2202 sive
710 2145 857 2202 adverbia
878 2145 1031 2221 participii
1054 2146 1156 2203 vocari
1179 2147 1289 2204 mavis:
1319 2147 1372 2203 lla-

223 2267 294 2305 men
318 2267 391 2306 vasa
415 2248 494 2305 vasis
518 2265 609 2322 super
624 2246 759 2321 imponit
790 2245 933 2320 trahvorfi
960 2247 990 2303 in
1012 2256 1228 2317 transversum,
1265 2248 1373 2304 ordine

224 2357 407 2407 transverso.
443 2349 536 2404 deum
558 2355 673 2404 mactat
696 2347 816 2422 piaculo
837 2364 900 2404 uno
917 2365 1039 2422 quoque
1055 2345 1184 2425 pz'lraset]
1207 2367 1266 2405 nec
1288 2350 1372 2423 piato

224 2467 282 2506 nec
304 2450 422 2524 piando
445 2466 503 2505 nec
524 2448 640 2522 piabili‚
664 2447 724 2504 boc
739 2455 843 2504 tamen
859 2447 949 2505 abest
963 2448 1111 2523 proxime.
1135 2449 1168 2506 fit
1190 2449 1267 2522 ignis
1290 2450 1375 2525 celtefi

225 2551 312 2624 quasi
335 2567 478 2608 accensu.
522 2549 649 2606 multam
671 2550 815 2622 inrogant
848 2548 937 2622 lterifi
963 2566 1000 2605 ex
1024 2550 1193 2616 voluntate,
1223 2557 1256 2605 ut
1279 2549 1371 2610 lubet.

222 2652 284 2707 noli
306 2651 450 2711 dubitare
484 2651 555 2725 quin
577 2650 678 2707 Latini
707 2667 832 2725 quoque
866 2649 977 2705 talibus
1005 2650 1177 2706 nominibus
1209 2650 1281 2706 olim
1312 2652 1373 2709 sint

223 2753 281 2812 usi:
316 2753 340 2808 si
361 2752 526 2808 contuleris
550 2751 660 2825 agilem
688 2750 845 2816 stabilem,
881 2750 1024 2806 coctilem
1050 2750 1195 2816 nobilem,
1219 2751 1372 2809 solutilem

224 2853 392 2920 solubilem,
426 2852 566 2909 eiusdem
588 2851 673 2908 modi
694 2851 831 2926 plurima,
865 2850 1021 2907 concedes
1055 2851 1134 2907 sieut
1166 2850 1215 2907 illa
1250 2853 1289 2908 ab
1322 2853 1372 2927 agi

225 2955 366 3012 coctione
398 2954 503 3010 solutis
536 2953 579 3010 ita
606 2953 685 3010 haec
719 2952 758 3009 ab
784 2952 852 3009 stafi
874 2946 993 3026 στάσις
1026 2953 1108 3026 gnoti
1129 2950 1250 3027 γνῶσις
1284 2954 1371 3011 soluti

222 3050 316 3129 λύσις
339 3055 532 3129 provenisse,
566 3053 729 3111 menurbid
751 3052 942 3125 Casontonia
977 3061 1025 3109 est
1056 3052 1174 3110 monitu
1198 3062 1371 3111 monstratu

225 3158 301 3213 scitu
324 3157 395 3230 pagi
411 3157 500 3228 lmus
512 3155 595 3214 rhen.
607 3154 749 3212 XXXIII
761 3173 790 3230 p.
804 3151 889 3229 490).
921 3154 1061 3211 altiorem
1079 3154 1229 3230 originem
1241 3154 1266 3210 si
1279 3171 1373 3229 quae·

223 3260 272 3327 ns,
306 3275 366 3332 ego
389 3275 499 3332 gravor
530 3257 732 3331 respondere:
763 3263 867 3312 tamen
896 3273 1065 3331 ponamus,
1095 3255 1242 3330 quoniam
1267 3255 1372 3311 volens

223 3359 318 3417 umbr.
341 3354 454 3434 *heris
468 3356 596 3415 nomina
616 3357 696 3432 parit
718 3356 883 3413 volentiam
906 3357 1104 3424 voluntatem,
1127 3357 1166 3413 ab
1183 3356 1301 3413 herinte
1318 3357 1373 3412 de·

225 3461 352 3516 ductum
368 3475 438 3515 esse
455 3457 610 3533 qualitatis
632 3475 745 3514 nomen
767 3456 927 3514 hermi-trin
950 3457 1100 3521 lterinse'm,
1120 3457 1268 3531 deinceps
1287 3475 1372 3513 more

224 3560 314 3616 solito
341 3560 384 3615 sic
407 3567 557 3616 mutatum
578 3559 636 3617 abl.
659 3557 754 3632 ltmfi.
788 3575 860 3614 nam
884 3557 1077 3615 herentatem
1094 3560 1284 3617 voluntatem
1300 3558 1373 3616 talia

223 3659 376 3717 defecisse
399 3661 429 3716 in
443 3660 568 3718 Vmbria
591 3660 680 3716 velim
702 3659 757 3716 tibi
779 3660 978 3735 persuadeas

73 3862 266 3939 participium
289 3863 381 3922 futuri
415 3864 531 3922 factum
565 3883 619 3940 per
646 3865 720 3921 ndo
743 3864 816 3919 -udo
849 3863 1056 3922 adsimilatam
1082 3863 1181 3921 nasali
1215 3861 1372 3919 dentalem

224 3966 343 4034 amittit,
366 3974 400 4022 ut
421 3984 526 4023 oscum
550 3974 706 4040 oprannom
730 3965 930 4040 operandam.

325 4065 482 4143 anferener
504 4065 748 4124 circumferendi.
789 4064 920 4139 pt'huner
941 4065 1063 4140 piandi,
1089 4065 1217 4138 peltana
1252 4071 1286 4120 ut
1317 4062 1372 4119 hu·

223 4167 364 4234 mandas,
387 4185 480 4225 masc.
497 4168 574 4241 sing.
590 4185 671 4224 nom.
689 4167 819 4239 pelsans.

175 4466 433 4543 Praepositiones
481 4466 579 4523 verbis
602 4463 680 4524 haec
703 4484 823 4542 semper
850 4473 1093 4541 praeponuntur,
1131 4465 1252 4522 casibus
1280 4464 1376 4523 etiam

74 4577 308 4643 postponuntur.
352 4570 382 4624 in
405 4568 577 4624 coniunctis
602 4569 798 4642 ponisolent
818 4569 922 4637 semel,
951 4567 1070 4650 capes-e
1091 4565 1215 4636 abiectu,
1238 4564 1294 4619 sed
1316 4574 1381 4626 vet.

74 4668 216 4745 vaprfiem
239 4667 401 4745 avzbklufc
421 4668 511 4724 sellas
534 4668 565 4724 in
587 4669 756 4741 augurales
