3742 5364
698 338 757 394 179

180 519 205 581 Α
231 530 293 578 tam
315 522 408 595 longa
431 538 523 594 quam
548 521 647 577 brevis
671 520 702 575 ln
724 519 845 596 syllabis
868 521 1012 595 gravibus
1035 532 1068 580 et
1083 523 1284 589 circumflexis
1307 543 1375 599 per·

77 631 214 680 mutatur
236 641 304 680 curn
328 639 357 678 0:
381 640 463 678 nom.
486 622 562 694 sing.
585 621 655 677 lem.
673 626 751 676 mula
774 621 820 676 vel
845 626 934 690 mutu,
957 634 1040 679 nom.
1062 623 1138 698 plur.
1162 633 1259 685 neutr.
1279 627 1377 683 ucskla

79 725 125 781 vel
146 724 255 789 vesklu,
278 723 350 779 lrri'a
372 722 498 795 lrir'tper
513 740 572 780 rec,
589 723 705 795 Irruper,
725 722 896 795 vet.·pilzaz
917 741 977 780 ree.
993 723 1086 797 pilos,
1109 743 1128 781 a
1144 724 1279 784 Casilate
1292 745 1375 784 nom.

79 826 154 899 sing.
176 823 295 882 Casr‘los.
331 823 512 897 quinetiam
528 824 559 878 in
581 822 692 881 acutis:
719 823 851 879 kurrzaltu
874 823 920 879 vel
947 823 1088 893 kunrullu',
1113 834 1172 884 vet.
1191 827 1299 884 vakaze
1314 848 1375 886 rec.

79 943 188 993 uacare,
213 925 319 1000 partic.
341 923 463 980 subator
483 924 554 997 imp.
579 921 689 983 subola.

120 1020 123 1023 ’
177 1026 208 1081 in
229 1025 437 1082 declinatione
460 1025 619 1081 verborum
642 1024 672 1079 in
697 1024 798 1080 locum
816 1043 850 1081 ‚a
883 1023 995 1098 longae
1023 1025 1218 1084 substituitur
1241 1048 1271 1088 c:
1304 1030 1374 1103 imp.

69 1125 234 1199 prusekulu
256 1127 362 1200 partic.
378 1112 540 1198 pruscielu,
564 1125 635 1198 imp.
648 1131 768 1199 mugalu
791 1125 899 1198 partic.
919 1126 1026 1194 mur'elo,
1050 1125 1123 1201 imp.
1136 1133 1247 1184 restatu
1268 1130 1375 1202 partic.

78 1235 138 1283 aet.
161 1244 258 1300 praes
281 1225 377 1304 restes,
408 1227 465 1284 nisi
490 1234 593 1284 tamen
616 1225 694 1283 baec
716 1247 730 1282 e
751 1226 879 1301 inrepsit
912 1244 966 1301 per
999 1225 1193 1302 epenthesin,
1230 1231 1375 1304 quoniam

78 1328 137 1385 alia
160 1329 230 1385 duo·
245 1337 323 1403 part.
349 1339 408 1389 act.
429 1331 565 1386 vocalem
588 1327 784 1385 thematicam
807 1327 982 1386 amiserunt„

178 1449 195 1484 u
216 1431 313 1486 brevis
335 1449 393 1488 nec
416 1440 506 1488 acuta
524 1430 588 1486 abit
610 1430 639 1487 in
666 1450 704 1503 ez·
725 1435 844 1486 unlenlu
868 1434 980 1485 intentu
1003 1429 1170 1491 intendito.
1204 1450 1272 1488 ocur
1294 1450 1376 1487 ocrer

76 1532 135 1588 sed
150 1542 243 1604 parer
255 1540 375 1605 parrer,
399 1533 442 1590 sic
465 1533 570 1607 volgus
593 1532 720 1588 latinum
744 1550 836 1587 unsar
858 1548 920 1588 non
945 1549 1035 1588 anser
1057 1539 1088 1588 et
1111 1550 1250 1591 nouerca.

169 1632 313 1706 prebabz'a
328 1633 476 1706 prehubr'a
499 1643 533 1690 ut
554 1650 661 1708 rapere
685 1633 836 1710 derupier‚
861 1632 943 1706 prius
966 1649 1058 1707 quarn
1080 1632 1094 1688 i
1112 1631 1208 1689 fieret.
1283 1643 1287 1650 ’

178 1827 203 1890 O
227 1831 290 1887 dixi
313 1831 344 1887 in
367 1840 489 1889 vetusta
513 1832 660 1907 scriptura
685 1847 863 1904 expressam
887 1849 957 1887 esse
980 1848 1034 1904 per
1055 1825 1093 1890 V.
1117 1849 1154 1888 ac
1174 1839 1285 1906 postea
1306 1849 1376 1906 pro-

75 1933 226 1989 nuntiatio
249 1933 328 1989 inter
349 1933 428 1991 banc
444 1941 475 1989 et
489 1933 572 1989 illam
589 1931 729 1990 vocalem
751 1948 845 2005 saepe
869 1931 1048 1988 fluctuabat.
1085 1939 1152 2005 sopo
1174 1940 1244 2005 rupo
1267 1949 1375 2006 suppa,

75 2051 159 2090 nom.
182 2034 258 2108 plur.
281 2032 403 2090 sabatur
424 2041 456 2090 et
471 2034 647 2107 przirrcatur,
669 2051 732 2092 acc.
756 2031 833 2106 plur.
859 2042 920 2088 tam
944 2031 997 2108 ·0f
1011 2050 1107 2106 quam
1130 2032 1188 2110 -uf,
1214 2032 1273 2092 abl.
1297 2033 1373 2107 sing.

68 2134 198 2208 pr’lralrlu
221 2140 284 2190 elru
304 2142 336 2190 et
357 2150 424 2190 raro
447 2134 538 2191 terlio.
965 2191 967 2195 ,

177 2244 236 2292 vet.
264 2235 418 2292 Terenukes
450 2254 509 2293 rec.
547 2235 699 2292 Teseuoct'r
725 2235 781 2308 bis,
814 2235 860 2291 bis
887 2234 1049 2292 Tesonoczt.
1093 2252 1149 2311 pro
1183 2234 1373 2308 uhtrepurtatu

75 2338 263 2411 alrrpursalu
286 2337 381 2394 semel
404 2337 549 2411 scriptum
572 2344 620 2392 est
643 2341 823 2408 atropusalu.
869 2334 999 2393 fuscavit
1026 2335 1209 2410 primitivam
1237 2335 1374 2392 vocalem

75 2439 194 2513 syllaba
215 2438 352 2507 finitima,
375 2439 454 2496 sicut
475 2438 506 2494 in
521 2438 640 2494 Latinis
663 2436 746 2494 fuere
764 2437 815 2511 qui
834 2454 896 2494 non
918 2437 1032 2495 tonitru
1056 2437 1198 2495 dicerent
1217 2437 1274 2494 sed
1299 2443 1373 2492 tono-

75 2546 127 2596 tru
149 2536 257 2615 (gram.
282 2540 326 2596 IV
348 2558 377 2614 p.
403 2542 473 2607 198,
487 2538 600 2612 32K.).

176 2743 255 2806 Vin
275 2748 493 2824 monosyllabis
516 2755 677 2804 attenuata
700 2747 733 2804 fit
764 2746 791 2804 i:
820 2746 876 2818 pir
909 2744 973 2819 πῦρ
1006 2746 1065 2802 abl.
1084 2755 1172 2818 pure,
1204 2746 1259 2802 sim
1283 2762 1373 2802 suem

75 2849 189 2909 adiect.
211 2868 327 2914 sorsum,
340 2848 417 2928 srrs
433 2848 544 2922 fruges,

176 2951 226 3006 ubi
249 2951 396 3025 liquidam
419 2970 436 3006 u
459 2967 634 3007 consonans
657 2948 781 3023 excipit,
815 2948 919 3004 media
954 2948 1048 3005 oritur
1075 2964 1109 3003 u:
1146 2947 1234 3004 uratia
1255 2946 1374 3010 arnoia,

73 3052 183 3108 salvom
204 3053 341 3111 saluriam.
379 3052 526 3127 liquidam
548 3051 705 3125 excipiens
728 3069 747 3105 u
768 3050 921 3106 durescit:
946 3058 979 3106 ut
1000 3050 1085 3105 larua
1107 3049 1199 3116 larva,
1222 3049 1267 3105 sic
1289 3046 1375 3103 barus

76 3153 173 3211 beroa.
218 3153 297 3209 inter
321 3155 387 3210 iet
408 3172 426 3210 v
449 3153 650 3210 semivocales
668 3172 686 3207 u
701 3151 918 3226 colliquefacta
939 3151 1079 3207 evanuit:
1103 3150 1233 3207 iuvenca
1256 3148 1373 3222 ivenga.

176 3354 252 3417 Eet
275 3360 289 3415 z·
307 3369 458 3435 perpetuo
477 3360 645 3418 miscentur
681 3367 713 3416 ut
745 3359 776 3415 in
799 3358 926 3427 Latinis,
964 3375 1026 3414 non
1056 3358 1149 3413 modo
1179 3355 1289 3412 breves
1316 3353 1373 3411 sed

74 3461 168 3517 etiarn
190 3461 310 3535 longae,
333 3461 437 3518 habeta
459 3460 571 3518 habitu.
616 3460 814 3518 fluctuantem
835 3460 966 3517 maxime
988 3459 1019 3514 in
1034 3457 1223 3515 secundariis
1246 3455 1369 3532 syllabis

74 3580 113 3618 ac
129 3561 268 3619 finalibus
285 3581 393 3619 vocem
408 3563 504 3621 latina
523 3581 595 3621 aera
616 3580 779 3638 persaepe·
791 3579 846 3636 per
869 3562 898 3618 ei
917 3560 1061 3634 scriptam
1082 3558 1208 3625 habent,
1231 3558 1282 3632 qui
1305 3557 1372 3613 lati·

74 3681 182 3719 norum
205 3673 473 3721 monumentorum
501 3683 568 3721 mos
589 3672 656 3720 erat
678 3665 717 3721 ab
742 3663 837 3719 Accio
863 3663 905 3720 ad
923 3660 1102 3719 Caesarem:
1126 3658 1255 3733 legimus
1271 3658 1325 3731 poi
1342 3665 1374 3714 et

67 3772 126 3837 poe
148 3772 179 3819 et
202 3765 399 3821 commixtum
414 3766 484 3838 poci
503 3766 561 3839 qui.
606 3765 637 3821 in
660 3763 802 3820 umbricis
833 3763 944 3820 tabulis
972 3763 1003 3818 iu
1033 3759 1220 3838 primigeniis
1250 3757 1373 3832 syllabis

75 3882 156 3938 quae
172 3874 243 3922 sunt
258 3866 399 3940 exempla
418 3867 473 3923 tria
497 3867 607 3924 er'lroas-
626 3867 724 3939 erirpes
746 3864 900 3929 ez'skurenl,
923 3880 961 3918 ea
982 3863 1151 3919 iudicanda
1169 3869 1239 3918 suut
1261 3877 1300 3916 ex
1322 3857 1373 3916 lat.

76 3967 167 4040 aiquo
191 3976 222 4024 et
243 3968 427 4042 Aiseulapio
453 3969 546 4024 eundi
571 3969 696 4024 verbum
717 3967 731 4022 i
750 3965 888 4021 vocalem
910 3981 1011 4038 paene
1030 3962 1175 4037 deposuit
1194 3978 1252 4018 nec
1275 3960 1373 4016 solum

75 4069 106 4123 in
129 4068 173 4124 eis
195 4067 297 4124 formis
321 4070 431 4142 quibus
452 4069 662 4144 diphthongus
692 4077 746 4151 aut
777 4068 869 4142 longa
900 4061 1013 4123 vocalis
1042 4065 1198 4129 convenit,
1231 4068 1276 4118 eiu
1299 4061 1371 4124 eito,

75 4169 132 4224 sed
155 4169 247 4224 etia'm
269 4169 301 4225 in
323 4177 399 4226 elatu
421 4171 507 4228 itato.
712 4148 715 4153 .

176 4271 309 4327 ebrevis
332 4273 501 4329 adsumitur
523 4275 564 4329 ad
587 4272 757 4346 explendas
781 4271 923 4346 syllabas
958 4288 977 4326 a
1007 4271 1093 4343 paeri
1126 4276 1158 4324 et
1184 4265 1265 4322 catlo
1290 4280 1373 4322 nom.

77 4372 152 4445 sing.
169 4352 262 4444 bucer
282 4382 315 4429 et
348 4373 435 4441 hadel,
468 4374 508 4431 ad
542 4375 706 4433 levandam
740 4391 883 4448 asperam
914 4371 1159 4443 commissuram,
1190 4366 1301 4424 zirumek
1335 4383 1373 4422 ex

76 4489 168 4529 enom
188 4481 220 4529 et
241 4491 277 4530 ce
301 4482 354 4532 aut
377 4474 458 4543 zbuk,
481 4476 575 4532 semel
597 4476 707 4544 inumb
729 4493 832 4532 esomcc
853 4482 906 4531 aut
928 4491 994 4539 esoc,
1019 4471 1084 4529 edelr
1107 4471 1187 4528 idce.

177 4667 183 4732 l
209 4673 320 4730 vocalis
343 4680 374 4729 et
397 4672 531 4747 gignitur
564 4689 602 4728 ex
637 4673 650 4727 i
675 4671 850 4730 semivocali
877 4681 908 4730 et
935 4672 1004 4748 ipsa
1035 4688 1138 4728 rursus
1165 4685 1234 4724 eam
1266 4664 1381 4738 gignit.
1437 4717 1440 4722 .
