3742 5364
774 364 813 423 87
1231 357 1343 423 vrnte
1361 363 1443 422 Inro

140 543 352 610 combifiatu.
377 545 506 608 eriront
525 545 668 608 tuderus
683 544 759 607 avii
764 542 805 626 iro
818 551 976 608 mandato.
1041 551 1158 607 eisdem
1200 551 1309 608 finibus
1351 545 1443 629 avisl

79 724 84 733 Ι
141 648 259 710 seritu.
282 666 348 726 ape
364 645 470 726 angla
485 645 767 718 combifiansiust‚
821 659 950 710 servato.
1005 653 1054 708 ubi
1085 653 1206 709 oscines
1240 653 1442 717 mandaverit,

141 769 250 830 perca
305 748 505 811 arsmatiam
560 747 767 811 anovihimu.
820 753 933 827 virgam
986 753 1211 826 imperatoriam
1264 753 1442 811 induimino.

141 851 320 931 cringatro
352 852 447 923 hatu,
483 851 659 912 destrame
693 868 765 910 sca·
819 855 952 910 cinctum
996 853 1109 927 capit0,
1153 853 1183 908 in
1220 853 1361 909 dextrum
1400 854 1442 910 la·

139 952 202 1032 pla
239 949 447 1014 anovihimu.
506 949 559 1030 pir
595 951 765 1013 endendu.
820 964 866 1011 tus
899 955 1078 1011 induiminO.
1144 954 1246 1028 ignem
1283 955 1441 1029 imponito

141 1159 221 1216 serre
244 1160 347 1218 licebit
369 1161 463 1216 etiam
486 1158 677 1215 notissimam
701 1155 891 1213 Graecorum
914 1155 1171 1212 consuetudinem
1201 1156 1266 1211 sine
1288 1173 1441 1230 personae

141 1263 268 1338 nomine
288 1263 480 1318 efferentium
501 1259 574 1317 talia
597 1253 823 1330 ἀναγνώσεται
846 1252 916 1331 ὑμῖν
938 1253 997 1316 τὸν
1019 1251 1123 1330 νόμον
1152 1265 1185 1312 et
1213 1256 1244 1312 in
1265 1274 1297 1312 re
1319 1257 1441 1315 militari

141 1357 212 1420 ἐπεὶ
235 1359 406 1438 ἐσήμηνεν.
443 1363 514 1420 illud
537 1362 562 1418 si
585 1369 736 1427 tenemus,
760 1376 829 1415 cum
852 1358 911 1414 alia
933 1358 1041 1414 melius
1060 1358 1270 1432 intellegemus
1294 1367 1358 1417 tum
1375 1379 1440 1417 ver·

141 1482 194 1523 sus
217 1466 255 1523 51
280 1473 310 1521 et
334 1467 374 1523 52
397 1465 427 1520 in
451 1464 559 1537 quibus
582 1460 707 1517 ombollu
729 1478 791 1516 non
816 1467 918 1533 potest
942 1475 1004 1514 non
1028 1459 1159 1515 adtribui
1182 1458 1368 1518 lustrationis
1392 1479 1440 1518 sa-

141 1583 227 1622 crum
249 1566 410 1640 peragenti
433 1564 554 1630 ilamini,
578 1562 634 1618 sed
656 1562 740 1617 dervo
764 1549 942 1632 combifiaaii
981 1559 1104 1632 auguris
1135 1576 1205 1615 esse
1233 1579 1269 1617 ex
1293 1561 1378 1619 VIA
1401 1566 1439 1623 16

141 1675 174 1723 et
197 1669 234 1725 17
258 1665 417 1739 colligitur.

243 1776 328 1823 vetus
352 1768 399 1824 lex
422 1766 530 1823 1310
564 1767 605 1821 de
635 1763 777 1838 auspiciis
813 1763 856 1818 sic
879 1761 1041 1835 praecipit:
1077 1781 1138 1819 cum
1155 1765 1297 1836 populum
1320 1766 1441 1823 circum·

128 1867 224 1946 ferre
244 1869 332 1933 noles,
364 1886 431 1923 aves
454 1866 633 1922 observatum
658 1866 695 1920 alo
716 1865 829 1919 <anticas
844 1864 979 1935 postt'cos.
1023 1863 1064 1918 ibi
1088 1864 1180 1936 igitur
1200 1865 1294 1920 herz'es
1315 1884 1370 1940 pro
1392 1885 1440 1924 se·

141 1970 247 2026 cunda
269 1986 403 2043 persona
433 1968 599 2032 habemus,
633 1974 741 2023 contra
774 1966 805 2020 in
838 1965 942 2020 tabula
966 1963 1010 2019 VI
1044 1982 1100 2038 pro
1122 1964 1235 2022 herieri.
1279 1984 1349 2023 nam
1372 1968 1440 2025 inI

141 2069 270 2126 alteram
292 2069 405 2126 flamini
427 2086 591 2143 personam
613 2068 787 2141 impositam
810 2083 880 2121 esse
897 2073 928 2120 et
945 2082 1115 2139 pronomen
1140 2083 1243 2122 versus
1258 2070 1295 2126 13
1318 2070 1441 2142 sleplotu

141 2167 199 2247 tefe
221 2169 271 2228 lat.
293 2171 450 2242 stipulator
473 2168 576 2225 rihtet
600 2169 760 2224 verborum
795 2167 910 2222 formae
945 2168 1080 2222 omnium
1112 2168 1282 2225 ostendunt
1309 2181 1440 2245 excepto

141 2287 206 2326 uno
240 2272 324 2345 quod
360 2271 416 2326 sub
451 2271 541 2326 linem
575 2269 685 2342 legitur
718 2287 744 2325 v.
768 2270 809 2325 40
842 2265 996 2344 olidasost
1030 2268 1113 2341 quod
1145 2285 1215 2324 cum
1247 2288 1440 2345 nequaquam

141 2372 276 2446 quadret
297 2372 328 2426 in
352 2370 405 2449 lese
429 2390 454 2429 v.
472 2373 518 2439 13,
543 2379 595 2427 aut
617 2371 791 2444 scalpturae
813 2368 1000 2442 negligentia
1025 2369 1208 2442 corrigenda
1227 2381 1276 2428 est
1302 2382 1355 2429 aut
1377 2374 1439 2431 cul·

140 2473 279 2546 pandum
302 2473 448 2528 orationis
472 2473 585 2530 vitium.
627 2472 726 2545 potuit
749 2472 829 2526 enim
853 2470 916 2526 fieri
939 2480 972 2526 ut
986 2466 1058 2544 fust
1089 2469 1224 2544 scalptor
1256 2473 1379 2529 iteraret
1401 2493 1440 2530 ex

140 2574 351 2630 antecedente
372 2590 471 2640 versu,
496 2574 594 2647 potuit
616 2581 648 2628 ut
672 2573 722 2646 qui
746 2589 805 2627 una
828 2579 1121 2627 commemoraturus
1145 2581 1210 2628 erat
1233 2571 1384 2630 flaminem
1408 2584 1439 2632 et

134 2672 329 2751 prinuooluf,
352 2674 454 2729 statim
478 2675 570 2738 etiam
594 2671 673 2727 hunc
697 2673 738 2728 ad
761 2671 877 2726 illorum
899 2687 1064 2744 personam
1087 2672 1270 2732 traduceret.
1302 2684 1334 2730 at
1349 2675 1440 2734 invi

140 2774 296 2830 flaminem
319 2775 439 2831 tertiam
461 2790 626 2847 personam
652 2790 720 2828 esse
737 2790 774 2826 ex
793 2772 974 2845 pronomine
998 2790 1024 2829 v.
1042 2773 1080 2829 51
1102 2773 1224 2844 triptota
1245 2793 1304 2831 seso
1327 2777 1440 2833 verbis-

141 2893 204 2950 que
227 2875 360 2949 plurimis
384 2884 522 2950 apparet.

243 2979 282 3036 49
317 2986 442 3034 ornatus
466 2976 649 3033 describitur
682 2977 723 3031 ad
756 2975 882 3030 lustrum
906 2972 1079 3029 faciendum
1101 2978 1293 3033 necessarius
1316 2978 1439 3039 flamini.

140 3078 304 3134 onozu‘lo'mu
326 3079 483 3152 probabile
506 3087 555 3135 est
586 3077 817 3151 praepositione
842 3082 985 3130 constare
1018 3093 1056 3130 ea
1088 3092 1178 3148 quam
1201 3084 1319 3134 autentu
1348 3080 1442 3136 habet

141 3196 243 3253 eoque
267 3180 359 3236 verbo
382 3180 465 3253 quod
489 3181 519 3234 in
542 3179 657 3234 exuviis
687 3177 881 3250 induviisque
908 3177 1068 3234 cernimus.
1113 3195 1214 3252 neque
1248 3181 1344 3236 minus
1379 3179 1440 3238 late

141 3281 267 3338 verbum
290 3283 416 3338 latinum
438 3282 547 3354 patuit,
573 3298 641 3336 cum
665 3295 796 3335 coronas
819 3279 903 3334 indui
927 3278 1101 3334 dicerentur
1124 3279 1170 3333 vel
1192 3281 1314 3352 galeam
1337 3281 1440 3355 clipei-

141 3400 203 3457 que
225 3383 344 3457 insigne
366 3383 510 3438 decorum
535 3379 626 3456 (Aen.
651 3379 770 3452 11392)
800 3378 847 3434 vel
876 3378 1010 3436 anulum.
1059 3388 1222 3454 utrumque
1256 3388 1317 3437 tam
1351 3398 1440 3439 orna·

139 3485 253 3541 mentis
275 3483 330 3540 luit
352 3493 455 3558 aptum
478 3500 568 3556 quam
593 3483 793 3539 vestimentis
840 3480 954 3536 deinde
978 3481 1132 3555 crz‘ngalro
1161 3500 1179 3536 a
1202 3482 1322 3556 cringa-
1346 3492 1378 3540 ut
1401 3484 1439 3541 ab

140 3587 260 3643 arando
283 3594 416 3643 aratrum
438 3597 580 3644 vocatum
603 3594 661 3642 est.
685 3594 718 3642 et
740 3585 886 3658 quoniam
908 3604 925 3639 r
947 3585 1118 3658 proximum
1139 3594 1237 3641 estut
1259 3585 1353 3643 abeat
1375 3587 1405 3643 in
1430 3587 1443 3639 l

139 3695 414 3763 permutanturque
437 3690 467 3744 in
492 3688 632 3744 dialectis
656 3688 774 3762 species
799 3687 1050 3758 coniugationum
1073 3681 1178 3763 (orsum
1202 3686 1312 3755 Latini,
1336 3686 1441 3745 Vmbri

140 3789 255 3856 versato,
289 3788 319 3845 hi
341 3808 462 3863 conegos
485 3790 516 3845 id
540 3799 587 3847 est
609 3795 696 3856 -otur,
728 3788 770 3843 illi
794 3789 918 3843 conr'ocos
942 3779 1004 3863 al),
1039 3788 1201 3861 exaequari
1229 3789 1349 3862 crz'ngo-
1371 3788 1441 3845 licet

83 3948 89 3958 ,
141 3907 212 3946 cum
234 3908 272 3947 eo
295 3891 387 3946 verbo
411 3892 496 3965 quod
520 3891 632 3947 Paulus
657 3891 741 3946 Festi
774 3898 805 3945 et
827 3888 977 3961 glossaria
1009 3897 1175 3956 servarunt,
1205 3890 1322 3946 illesic
1346 3892 1438 3948 inter*

139 3999 280 4068 pretatus
303 3991 434 4065 clz’ngere
456 3992 573 4065 cingere
604 4011 621 4046 a
651 3991 764 4048 Graeco
797 3989 936 4048 κυκλοῦν
971 3989 1033 4045 dici
1063 3990 1245 4067 manzfestum
1279 3998 1327 4057 esi,
1361 3992 1440 4049 haec
1484 3987 1487 3992 ¹

140 4093 248 4168 specie
269 4094 367 4166 magis
390 4110 480 4166 quam
504 4112 535 4150 re
559 4095 746 4150 dissimiliter
770 4094 879 4165 elingit
899 4092 994 4146 cludit
1015 4087 1098 4164 (vide
1121 4091 1325 4148 Hildebrandi
1347 4094 1440 4167 gloss.

141 4193 312 4250 Parisinum
334 4212 364 4268 p.
385 4196 435 4263 54,
471 4198 510 4254 99
533 4203 563 4251 et
587 4197 637 4264 55,
673 4198 730 4253 109
768 4193 873 4250 Loewi
905 4193 1008 4266 prodr.
1046 4211 1075 4266 p.
1094 4191 1155 4266 13).
1200 4194 1342 4268 quocirca
1377 4194 1440 4250 sive

140 4296 275 4352 cinctum
298 4296 328 4351 in
350 4295 467 4353 Latinis
491 4298 553 4354 sive
570 4297 688 4352 clavum
712 4295 931 4361 substituimus
955 4294 1072 4368 insigne
1096 4296 1254 4369 quoddam
1278 4296 1441 4353 amiculum

141 4398 191 4454 vel
212 4397 379 4471 stragulum
401 4399 642 4474 intellegendum
666 4408 713 4454 est
735 4396 901 4453 rotundum
924 4397 1136 4470 potiusquam
1159 4398 1350 4471 quadratum,
1374 4405 1441 4454 tau·

142 4509 209 4558 tum
231 4499 312 4555 enim
333 4519 370 4555 ex
394 4502 570 4557 testimonio
596 4500 682 4557 Pauli
703 4507 869 4573 etymoque
892 4515 1082 4572 auguramur.
1121 4500 1304 4556 reiciebatur
1324 4500 1355 4554 in
1380 4506 1444 4556 ter·

141 4617 227 4674 gum,
250 4600 387 4655 destromc
407 4602 523 4673 stapla,
557 4619 628 4657 nam
653 4598 798 4673 scapulae
820 4599 846 4653 si
870 4599 1075 4674 distinguntur
1099 4601 1138 4658 ab
1161 4603 1288 4673 umeriS,
1317 4600 1450 4659 dorsum

141 4697 315 4776 significant
336 4693 586 4776 (interscapulum
610 4694 845 4775 μετάφρενον),
881 4719 897 4756 a
931 4700 1048 4757 Latinis
1083 4699 1239 4780 pluraliter
1272 4699 1457 4774 efferuntur,
