3742 5364
243 355 356 423 VIA58
372 386 412 414 =
425 362 487 423 Iul
878 365 918 422 64

237 564 301 626 per
310 544 413 618 Fisiu,
426 554 566 626 totaper
577 544 720 609 Iiovina.
743 563 884 624 persa·
915 565 985 604 arce
998 548 1089 616 Fisia,
1112 566 1166 623 pro
1185 549 1260 606 urbe
1276 548 1414 624 Iguvina.
1442 553 1549 626 peda·

239 666 258 707 e
287 644 368 718 fetu,
400 646 496 708 arvio
528 645 611 718 fetu,
632 643 636 727 Ι
657 666 748 726 pone
778 644 860 719 fetu,
876 670 901 708 ιο
916 651 975 705 rias
990 650 1092 719 facito,
1112 649 1194 707 arvia
1211 651 1333 729 facital
1354 669 1451 726 posca
1468 652 1548 710 iaci·

238 755 333 808 tases
366 746 550 827 persnimu.
594 766 694 809 surur
726 757 860 822 naratu,
912 759 955 819 το,
984 752 1095 808 tacitus
1117 760 1268 826 precator.
1317 753 1390 810 item
1414 763 1546 813 narrato

236 866 325 926 puse
347 868 410 928 pre
432 849 525 911 verir
547 848 739 910 Trebianir.
782 868 861 929 pro·
913 862 946 910 ut
981 862 1052 910 ante
1080 862 1202 927 portam
1233 853 1430 914 Trebianam.
1469 872 1547 930 pro·

236 948 361 1010 sesetir
384 939 520 1024 strusla,
544 947 624 1011 ficla
647 949 810 1014 arsveitu.
838 953 843 1023 1
913 953 1005 1010 sectis
1029 953 1215 1023 struiculam,
1238 954 1355 1012 fitillam
1377 951 1526 1032 addito!

278 1050 347 1112 Pre
371 1051 461 1113 verir
482 1051 673 1114 Tesenocir
708 1049 774 1112 bui
803 1050 912 1114 trifvm
956 1034 1544 1129 Anteportam‘l'esenacambovestris

137 1170 143 1181 ·
238 1151 310 1216 fetu
348 1151 463 1214 Marte
499 1149 679 1214 Grabovei
724 1152 862 1233 ocriper
913 1155 1007 1212 facito
1047 1155 1138 1213 Marti
1175 1157 1331 1217 Grabovio
1374 1175 1429 1232 pro
1468 1175 1544 1215 arce

236 1253 341 1326 Fisiu,
385 1262 525 1333 totaper
567 1250 709 1314 liovina.
763 1251 860 1314 arvio
913 1256 1003 1324 Fisia,
1048 1275 1103 1331 pro
1147 1258 1221 1314 urbe
1266 1258 1400 1333 Iguvina.
1456 1261 1545 1318 arvia

236 1353 319 1429 fetu,
357 1364 464 1417 vatuo
497 1352 606 1417 farine
639 1353 721 1427 fetu,
759 1352 863 1434 ponil
914 1357 1017 1426 facito,
1040 1367 1133 1416 vatua
1156 1358 1273 1417 ferione
1296 1360 1400 1428 facito,
1426 1353 1545 1438 posca!

237 1562 377 1619 scribitur
398 1562 493 1618 modo
513 1561 627 1635 gemela,
655 1560 813 1634 hispanice
833 1560 935 1633 garnie
965 1560 1058 1617 homo
1083 1578 1185 1619 vorax.
1229 1561 1399 1637 Aeschylus
1426 1562 1543 1636 Agam.

237 1666 317 1723 1175
341 1660 402 1723 σὺν
425 1658 568 1736 ἐντέροις
589 1679 624 1721 τε
645 1654 801 1735 σπλάγχν’
825 1657 1031 1721 ἐποίκτιστον
1056 1659 1164 1735 γέμος.

340 1767 380 1824 58
407 1762 497 1821 Trebe
521 1764 605 1821 Iuve'e
635 1780 689 1819 aes
719 1765 878 1840 vetustius,
902 1772 935 1819 ut
955 1764 1076 1820 nescias
1099 1782 1165 1820 mas
1188 1765 1265 1821 deus
1289 1765 1390 1821 sitan
1414 1764 1545 1836 femina,

236 1868 309 1924 item
332 1885 403 1923 mox
428 1866 497 1922 Fz'se
519 1855 591 1922 Sale·
621 1873 653 1920 ut
691 1874 722 1921 et
753 1864 822 1920 rute
856 1865 956 1938 possis
980 1873 1011 1921 et
1036 1865 1125 1920 filiae
1147 1865 1348 1940 interpretari.
1394 1867 1543 1925 consulto

236 1969 350 2026 factum
373 1969 494 2024 videtur
515 1967 545 2022 in
569 1984 650 2022 novo
673 1965 840 2040 exemplari
863 1974 897 2021 ut
920 1964 1012 2021 Trebe
1035 1974 1066 2022 et
1082 1966 1152 2022 Fe're
1174 1967 1352 2034 scriberent,
1377 1983 1459 2041 quae
1475 1966 1540 2024 for-

235 2087 305 2125 mae
327 2069 351 2124 si
375 2066 446 2144 trefe
469 2067 648 2142 respicimus
672 2067 765 2123 latine
789 2068 957 2123 vertendae
981 2075 1052 2122 sunt
1071 2065 1180 2122 Trebue'
1197 2075 1229 2123 et
1253 2067 1348 2134 bireti,
1372 2076 1404 2125 et
1427 2069 1453 2125 si
1475 2069 1543 2126 dis·

236 2170 351 2227 crimini
374 2169 495 2243 generis
518 2169 695 2237 inserviunt,
720 2168 921 2224 masculinum
943 2168 1047 2242 potius
1070 2186 1162 2242 quam
1195 2168 1374 2224 femininum
1400 2169 1540 2242 prodere

236 2271 387 2338 videntur,
411 2271 449 2329 cf.
473 2271 514 2325 ad
537 2268 607 2326 HA
625 2272 673 2328 10.

328 2381 434 2446 persae
455 2372 496 2427 ad
518 2371 648 2427 litteram
670 2370 732 2426 fere
749 2371 902 2443 pedereus,
936 2388 1007 2427 nam
1033 2379 1105 2443 pers
1136 2387 1192 2444 pes
1215 2379 1274 2436 est,
1298 2379 1411 2443 perram
1432 2367 1542 2433 πέδον

235 2473 344 2540 solum,
368 2475 450 2529 unde
475 2473 659 2530 adiectivum
674 2473 796 2545 perseia
819 2480 851 2528 et
868 2472 989 2528 brevius
1004 2472 1114 2545 persei
1133 2480 1166 2528 ut
1186 2472 1279 2528 latina
1300 2471 1396 2528 modo
1417 2471 1449 2528 in
1466 2474 1542 2529 aria

235 2575 329 2630 modo
352 2575 382 2629 in
407 2575 460 2630 ari
478 2583 601 2641 exeunt,
626 2581 659 2628 ut
681 2574 762 2628 aleier
784 2573 847 2631 aler.
892 2573 1064 2628 identidem
1094 2571 1214 2629 hostiae
1241 2573 1377 2645 perraras
1404 2571 1469 2628 fieri
1490 2573 1542 2630 iu·

234 2676 355 2744 bentur,
380 2676 528 2732 iuvencae
552 2676 663 2732 vitulae
683 2692 754 2731 sues
777 2691 851 2749 aper
872 2675 937 2730 ovis
960 2675 1086 2744 catulus,
1110 2683 1203 2749 atque
1225 2674 1255 2729 in
1279 2674 1381 2731 catulo
1405 2672 1478 2731 HA
1495 2676 1537 2734 21

235 2776 312 2833 haec
335 2785 406 2833 sunt
427 2777 590 2833 coniuncta
612 2774 787 2849 sacrificium
812 2777 905 2848 pedire
927 2782 990 2842 este,
1025 2776 1121 2831 eatuli
1138 2784 1211 2848 seqare
1239 2777 1342 2849 ceptio,
1377 2777 1409 2831 iu
1438 2777 1540 2834 subus

236 2879 387 2934 recentius
411 2878 565 2952 exernplar
586 2885 705 2934 tantum
732 2885 837 2950 persae
860 2873 967 2952 secale,
1001 2878 1148 2933 vetustius
1183 2886 1303 2934 tantum
1332 2885 1406 2951 rupa
1427 2878 1540 2935 sumr'to

234 2979 367 3039 exhibet.
412 2996 505 3053 quare
529 2979 590 3035 duo
613 2978 690 3034 haec
724 2987 754 3034 et
788 2987 959 3051 congruunt
984 2978 1064 3034 inter
1096 2996 1129 3034 se
1162 2995 1221 3034 nec
1250 2978 1351 3035 minus
1374 2979 1536 3050 differunt,

234 3081 290 3136 sed
313 3087 460 3154 quantum
483 3097 580 3153 prona
601 3088 632 3136 et
655 3097 761 3153 suppa,
796 3097 876 3153 quae
898 3088 1016 3135 veteres
1040 3079 1167 3135 Latinos
1192 3097 1247 3154 pro
1271 3080 1386 3153 supinis
1416 3080 1540 3140 dixisse

233 3181 393 3237 Lucretius
417 3182 526 3238 Festus
549 3180 762 3255 glossographi
785 3188 947 3247 testantur,
982 3188 1130 3254 quantum
1164 3181 1309 3237 deorsum
1348 3189 1379 3236 et
1410 3197 1539 3241 sursum

233 3300 326 3341 versa.
371 3300 483 3356 nempe
506 3283 589 3356 quod
612 3299 741 3355 pronum
763 3301 801 3338 ex
824 3283 918 3339 altera
940 3290 1027 3356 parte
1051 3282 1179 3348 videtur,
1203 3299 1240 3337 ex
1260 3281 1357 3338 altera
1378 3285 1541 3355 spectanti

233 3384 373 3458 supinum
396 3392 452 3452 cst,
481 3383 565 3440 velut
592 3383 687 3439 Tibur
709 3382 840 3439 Horatio
865 3383 1007 3456 supinum
1027 3400 1138 3438 vocare
1161 3381 1283 3455 placuit,
1306 3381 1442 3438 luvenali
1463 3401 1540 3459 pro·

232 3503 315 3548 num,
338 3503 408 3542 cum
423 3485 623 3541 altrovorsum
638 3492 766 3558 uterque
786 3483 995 3540 declivitatem
1017 3483 1182 3541 metiretur.
1226 3482 1268 3538 ita
1283 3482 1363 3538 bene
1379 3486 1540 3555 convenit,

232 3586 284 3660 qui
308 3594 414 3659 persae
437 3585 509 3642 facit
531 3585 652 3652 animal,
675 3594 708 3642 ut
732 3594 805 3658 sepe
827 3585 940 3659 capiat,
964 3581 1002 3642 τὰ
1025 3579 1120 3643 ὕπτιοι
1143 3578 1221 3657 μέρη
1247 3583 1292 3638 vel
1315 3590 1453 3657 tergora,
1488 3586 1539 3645 in·

232 3705 292 3762 que
313 3688 411 3744 vicem
433 3688 511 3744 haec
534 3688 585 3762 qui
610 3688 702 3744 sumit
723 3688 849 3761 suscipit
872 3693 981 3753 servat,
1006 3693 1039 3741 ut
1062 3684 1212 3742 sacrificet
1228 3693 1335 3757 persae
1357 3685 1440 3742 humi
1463 3705 1540 3760 pro·

232 3797 371 3845 sternens
397 3796 570 3862 stratasque
588 3796 690 3863 partes
710 3789 757 3844 dis
773 3787 947 3861 relinquens
971 3795 1062 3860 caput
1079 3786 1234 3842 abdomen
1251 3787 1319 3844 ima.
1365 3788 1408 3844 sic
1420 3786 1540 3848 Graeci

223 3890 346 3963 perseia
368 3890 416 3945 dis
433 3889 536 3946 inferis
560 3889 716 3947 faciebant
738 3889 768 3944 in
793 3897 872 3945 terra
902 3888 1085 3944 desecantes
1116 3886 1283 3944 hostiarum
1311 3887 1427 3961 capita,
1463 3906 1540 3949 cum

231 4009 347 4048 sursum
370 3993 504 4048 cervices
528 4009 630 4049 earum
653 3991 812 4047 flecterent
835 4008 914 4064 quae
938 3991 1141 4046 caederentur
1164 3989 1280 4062 superis
1308 3983 1416 4064 (schol.
1433 3988 1537 4065 Apol·

231 4094 304 4150 lonii
335 4094 349 4149 I
373 4090 455 4168 587).
498 4093 654 4150 humanum
676 4094 796 4150 Romae
820 4090 1000 4149 sacrificium
1023 4091 1167 4147 dicebant
1190 4090 1275 4164 quod
1302 4089 1413 4146 mortui
1435 4107 1540 4152 causa

231 4195 324 4251 fiebat
357 4190 481 4270 (Paulus
505 4193 620 4268 Festi),
653 4194 711 4250 ritu
733 4193 868 4250 humano
892 4192 1105 4249 immolabatur
1127 4209 1219 4265 capra
1243 4189 1373 4247 Vediovi
1400 4184 1538 4269 (Gellius

231 4287 404 4373 V12,12)‚
425 4296 534 4369 opinor
555 4291 648 4373 φόνῳ
673 4293 867 4369 χαμαιπετεῖ.
912 4301 1015 4367 potest
1037 4293 1162 4366 quidem
1180 4291 1231 4347 ubi
1249 4299 1321 4365 supe
1342 4297 1435 4348 sumtu
1457 4312 1539 4353 con·

232 4397 367 4452 locatum
390 4403 497 4450 estex
520 4395 660 4461 adverso,
678 4404 784 4467 persae
806 4394 902 4450 videri
924 4393 1096 4468 praeditum
1120 4392 1147 4448 vi
1169 4392 1300 4449 nominis
1322 4392 1537 4472 idoneumque

231 4498 315 4572 quod
338 4495 521 4553 contrariam
544 4496 648 4570 suppis
671 4495 763 4552 offam
786 4495 936 4570 significet
958 4512 1050 4569 quarn
1083 4494 1196 4551 Graeci
1217 4490 1361 4568 νείαιραν
1384 4497 1537 4567 vocarint,

230 4615 333 4655 verum
363 4597 508 4673 quoniam
541 4597 723 4653 adieetivum
760 4605 808 4653 est
839 4596 913 4653 locis
947 4596 1091 4670 plurimis,
1125 4614 1195 4652 earn
1221 4603 1408 4670 potestatem
1438 4615 1537 4657 voca·

229 4701 334 4757 bulum
357 4718 397 4755 ne
420 4699 469 4754 hic
501 4699 626 4771 quidem
650 4699 771 4755 exuisse
794 4706 880 4771 pute.
