3742 5364
227 363 337 421 Vlnle
856 358 896 414 70
934 372 937 379 ·

229 561 296 622 gos
317 543 320 619 l
341 540 459 603 dirstu.
499 561 563 602 eno
586 538 687 611 mesa,
712 540 855 602 vestisia
869 559 891 596 rr
907 554 962 593 xus
982 537 986 608 Ι
1007 536 1091 594 dato,
1136 543 1201 590 tum
1224 533 1348 598 melam,
1371 530 1537 587 vesticiam

230 661 319 722 sopa
353 661 498 722 purome
537 638 696 711 esuriam,
748 641 853 701 subra
905 654 1033 711 suppam
1058 637 1213 710 inignem
1236 640 1417 707 expurgato,
1440 648 1538 706 supra

230 746 386 826 spahm'u,
411 764 475 806 eno
500 763 595 805 gerse
611 741 773 815 coruom,
797 762 852 804 00.
907 738 1052 812 graditor.
1098 745 1160 792 tum
1198 736 1310 792 sedens
1344 732 1536 801 commotio),

231 953 297 991 rum
320 942 413 1008 atque
446 933 527 989 adeo
561 933 663 990 divina
701 935 850 992 vocabula
873 938 1066 1011 pullularunt.
1110 937 1257 1011 quoniam
1290 935 1373 991 verbi
1406 949 1537 1008 quoque

232 1035 411 1110 praecidere
435 1043 553 1091 veteres
578 1036 797 1109 aspirationem
822 1048 999 1113 coeperant,
1035 1040 1109 1095 haut
1136 1040 1224 1095 nimis
1246 1039 1353 1094 mirum
1375 1036 1401 1093 si
1423 1036 1456 1092 in
1475 1053 1537 1091 no·

232 1137 312 1192 mine
335 1136 475 1210 perpetui
505 1152 576 1191 usus
600 1153 635 1192 ac
658 1135 718 1193 fixo
741 1147 859 1195 mature
882 1157 950 1196 eam
973 1140 1146 1197 amiserunt.
1192 1157 1260 1194 erus
1291 1138 1383 1212 igitur
1411 1134 1538 1193 intelle·

231 1236 343 1310 gebam
359 1237 443 1310 quod
458 1237 519 1293 deo
537 1236 628 1293 homo
651 1234 811 1312 χαρίζεται
833 1235 905 1314 ἱερὰ
929 1237 1038 1315 ῥέζων,
1062 1249 1181 1314 partem
1196 1241 1257 1296 deo
1273 1237 1537 1312 acceptissimam,

234 1338 259 1394 si
278 1339 404 1412 quidem
426 1337 525 1392 lterum
547 1337 657 1394 herram
691 1339 766 1395 velle
790 1357 901 1414 cupere
932 1340 1073 1415 accipere
1103 1340 1262 1414 significat,
1298 1338 1395 1395 herler
1429 1337 1539 1411 placet

234 1441 388 1506 convenit,
412 1440 475 1512 ncip
498 1445 576 1495 eretu
599 1435 746 1501 ἀκούσια.
791 1452 898 1500 contra
914 1444 990 1502 baec
1006 1447 1174 1520 prudenter
1188 1444 1349 1516 disputans
1364 1437 1539 1496 Osthoffius

234 1542 276 1611 (in
300 1539 395 1598 Curtii
416 1550 448 1596 et
472 1541 636 1615 Brugmani
659 1541 772 1600 Studiis
792 1544 835 1600 lX
851 1563 880 1619 p.
894 1542 979 1620 278),
1003 1546 1086 1620 quod
1109 1561 1260 1618 nusquam
1282 1547 1429 1615 appareat
1451 1537 1537 1613 aspi·

234 1643 311 1700 ratio
334 1650 366 1697 et
388 1641 483 1698 finalis
507 1641 623 1715 syllaba
642 1643 725 1701 nulla
741 1644 810 1701 labe
832 1653 915 1702 tacta
936 1655 968 1701 ut
987 1647 1017 1702 in
1030 1645 1157 1724 fretrus
1179 1644 1313 1718 aliquam
1328 1641 1537 1713 interceptam

235 1760 303 1799 esse
327 1751 549 1798 consonantem
572 1744 744 1811 convincat,
776 1753 883 1802 natum
911 1764 948 1802 ex
972 1743 1056 1821 erusr
1081 1745 1141 1824 erss
1172 1742 1341 1819 comparari
1370 1741 1434 1798 volt
1465 1757 1538 1796 curn

234 1862 277 1917 gr.
299 1837 399 1916 ἄλθος
421 1851 452 1898 et
475 1860 588 1902 sanscr.
604 1845 725 1904 rcidlras.
749 1863 917 1920 proxumae
941 1847 1134 1922 cognationis
1157 1845 1278 1920 populis
1302 1843 1361 1900 hoc
1384 1848 1538 1916 quantum

235 1945 345 2001 scimus
370 1944 468 2000 defuit
492 1944 689 2002 vocabulum:
720 1946 821 2004 Latini
845 1948 945 2005 solent
969 1948 1139 2022 generatim
1164 1947 1245 2021 loqui
1270 1945 1379 2018 disque
1400 1941 1540 1998 reddere

235 2054 316 2114 exta,
340 2063 464 2102 sensum
485 2044 666 2103 Vmbrorum
690 2046 820 2105 fortasse
843 2049 977 2107 imitatur
1003 2049 1089 2124 quod
1117 2049 1183 2105 illos
1207 2047 1368 2104 dictitasse
1386 2045 1417 2100 in
1440 2040 1540 2099 sacris

237 2147 357 2204 Servius
379 2147 504 2203 tradidit
533 2148 574 2203 ad
605 2147 681 2207 Aen.
705 2147 856 2211 vultos
888 2151 926 2206 da
951 2151 1028 2224 quod
1047 2148 1135 2207 debes.
1194 2148 1332 2223 potuisse
1366 2145 1406 2202 de
1441 2143 1540 2198 verbo

239 2248 391 2304 communi
414 2247 566 2321 proprium
589 2248 710 2306 divinae
732 2250 865 2323 portioni
888 2269 1001 2308 nomen
1024 2250 1139 2324 imponi
1160 2247 1309 2322 exemplis
1333 2247 1542 2303 admonemur

237 2348 368 2422 graecis:
402 2344 486 2421 δεξὶς
507 2348 573 2407 τῶν
595 2345 630 2408 ἐν
652 2351 697 2429 τῷ
722 2346 819 2424 ἥπατι
843 2352 950 2427 μερῶν
971 2349 1058 2426 παρὰ
1081 2350 1147 2411 τοῖς
1177 2345 1287 2409 θύται(
1309 2343 1329 2420 ἡ
1352 2341 1539 2419 καλουμένη

238 2444 327 2522 δοχή,
361 2449 524 2522 Euripides
547 2450 593 2508 El.
610 2452 670 2509 828
694 2449 787 2526 δοχαὶ
809 2453 915 2527 χολῆς.
1285 2435 1287 2439 ’

340 2552 377 2607 17
400 2559 472 2622 supa
494 2552 536 2606 ad
558 2551 637 2610 A58
660 2554 798 2626 exposui,
818 2554 869 2610 ubi
892 2563 999 2611 contra
1018 2555 1138 2628 perseia
1159 2553 1315 2616 inferatur,
1343 2557 1446 2623 partes
1472 2547 1542 2618 anis

238 2649 324 2707 malis
347 2651 470 2724 supinas
494 2651 663 2725 significare
687 2672 762 2729 quas
778 2656 868 2712 liceat
884 2674 952 2713 cum
974 2656 1130 2731 tegoribus
1154 2653 1333 2728 comparari,
1357 2669 1415 2708 nec
1430 2667 1543 2724 quem·

239 2770 331 2826 quam
354 2751 449 2824 fugiet
482 2770 574 2826 quam
608 2753 697 2811 facile
731 2757 854 2829 pluralis
888 2757 985 2813 vicem
1007 2756 1224 2831 appellationis
1247 2753 1382 2829 potuerit
1404 2751 1542 2826 explere.

238 2853 406 2926 permansit
428 2862 533 2909 tamen
556 2855 681 2912 verbum
703 2857 732 2913 in
756 2858 863 2914 ordine
895 2859 1131 2924 adiectivorum,
1166 2857 1251 2912 euius
1277 2871 1349 2911 usus
1372 2852 1543 2909 dilucidum

239 2954 413 3028 exemplum
436 2954 531 3011 habes
548 2955 591 3010 IV
604 2959 633 3023 8,
657 2958 708 3013 ubi
732 2976 800 3015 curn
821 2977 928 3016 carnes
945 2960 1053 3015 ovillae
1069 2965 1266 3014 numerentur
1281 2955 1543 3026 nominenturque

239 3056 438 3130 proportione
461 3056 699 3115 necessitudinis
723 3077 783 3132 qua
806 3061 984 3118 sacrificium
1008 3062 1197 3134 contingunt,
1227 3066 1415 3132 postremum
1437 3053 1543 3110 locum

239 3166 327 3230 supas
348 3175 436 3212 sanas
459 3167 621 3230 occupant,
645 3160 678 3215 id
700 3171 748 3217 est
770 3179 850 3236 quae
872 3163 959 3219 initio
980 3161 1117 3219 sacrificii
1136 3177 1229 3216 manu
1246 3157 1406 3215 caedentis
1427 3162 1544 3211 attrec-

241 3266 326 3316 tatae
349 3259 465 3314 deinde
489 3257 611 3314 relictae
635 3269 705 3316 sunt
728 3263 884 3336 integrae,
921 3281 1062 3338 quaeque
1085 3262 1210 3319 omnino
1238 3259 1319 3316 nulla
1342 3257 1461 3314 ratione
1484 3273 1545 3330 per

241 3379 304 3416 rem
327 3360 461 3416 divinam
484 3357 629 3420 adiectae
651 3376 778 3425 restant.
829 3368 921 3422 etiam
944 3365 1045 3421 hicet
1068 3363 1220 3422 VIIA38
1244 3359 1428 3416 adiectivum
1451 3373 1545 3430 prae·

241 3459 423 3519 cedentibus
439 3474 612 3531 110minibus
631 3472 793 3529 comitatur
806 3477 880 3541 supa
904 3468 966 3523 sive
982 3474 1062 3538 supa,
1087 3473 1246 3536 utramque
1263 3462 1344 3517 enim
1360 3459 1545 3532 scripturam

240 3577 427 3633 recentiores
451 3576 573 3634 tabulae
596 3575 749 3639 exhibent,
771 3580 841 3644 rupo
866 3568 1006 3634 VllA8,
1028 3575 1093 3639 rapo
1115 3564 1245 3638 saepius.
1276 3559 1460 3635 aliquamdiu
1484 3575 1544 3632 pu-

242 3686 348 3744 taram,
383 3695 443 3752 quo
467 3679 560 3734 modo
594 3692 713 3734 summa
735 3691 798 3729 non
827 3671 926 3728 solum
949 3664 1071 3742 ὕψιστα
1106 3664 1325 3737 intelleguntur
1358 3663 1414 3718 sed
1446 3660 1545 3717 etiarn

242 3776 418 3853 τελευταῖα,
441 3796 496 3853 pro
520 3787 554 3834 ut
576 3779 619 3835 rei
642 3777 790 3850 cuiusque
813 3773 910 3829 forma
933 3771 991 3827 fert
1012 3777 1045 3825 et
1067 3766 1249 3824 enuntiandi
1273 3764 1359 3831 ratio,
1383 3763 1426 3818 sic
1446 3768 1545 3834 repam

244 3879 400 3937 vesticiam
423 3888 476 3936 aut
497 3880 610 3936 melam
633 3877 734 3934 vocari
758 3874 890 3947 demptis
914 3872 979 3929 aliis
1002 3870 1137 3945 partibus
1161 3885 1241 3941 quae
1265 3870 1434 3939 superaret.
1477 3878 1545 3917 non

242 3989 336 4048 recte,
359 3999 430 4037 nam
442 3981 573 4056 perstitit
589 3980 713 4036 verbum
729 3978 760 4033 in
775 3993 836 4033 uno
852 3973 1023 4048 significatu
1042 3988 1079 4026 eo
1098 3987 1190 4043 quem
1206 3984 1295 4041 supra
1308 3965 1379 4023 dixi.
1392 3962 1435 4019 IV
1449 3964 1487 4019 17
1500 3977 1544 4020 οε.

222 4083 371 4156 ,primum
392 4091 465 4155 supu
488 4069 584 4149 ereile,
608 4090 672 4138 tum
693 4088 778 4152 super
801 4065 889 4132 ereile
911 4073 1081 4148 porricitur,
1104 4071 1177 4126 item
1193 4068 1242 4125 hic
1258 4075 1289 4123 et
1304 4064 1401 4122 VIIA
1418 4064 1457 4121 38
1472 4069 1546 4134 sepa

244 4192 275 4239 et
290 4185 374 4257 quod
390 4185 527 4258 sequitur
541 4181 630 4238 rubra
646 4180 779 4256 regionis
796 4177 944 4234 relatione
963 4191 1081 4231 conexa
1097 4180 1177 4236 sunt,
1200 4170 1309 4244 supina
1325 4165 1472 4223 sacerdos
1488 4162 1548 4220 dat

243 4281 410 4342 libamenta
433 4302 552 4342 sursum
572 4299 675 4339 versus
698 4299 735 4336 ex
756 4278 898 4335 interiore
923 4276 990 4332 loco
1015 4274 1136 4339 emissa,
1160 4271 1255 4345 ipsius
1272 4269 1334 4325 sere
1358 4264 1546 4323 contrarium

244 4395 361 4443 motum
384 4386 477 4442 babet
500 4384 683 4457 superstitio.
729 4381 788 4437 hoc
811 4380 891 4435 enim
915 4379 1007 4433 decet
1031 4391 1178 4448 usurpare
1202 4371 1343 4436 verbum,
1372 4367 1458 4440 quod
1479 4364 1547 4421 Ro-

245 4488 326 4543 mani
347 4487 422 4561 quid
445 4486 559 4542 valeret
580 4490 774 4557 praemature
797 4481 880 4538 obliti
905 4487 984 4546 sunt,
1018 4476 1076 4532 etsi
1109 4477 1139 4530 in
1162 4492 1194 4530 re
1218 4470 1331 4529 sorensi
1363 4466 1547 4542 superstites

245 4597 424 4662 praesentes
448 4605 559 4645 vocare
581 4595 677 4642 testes
701 4603 763 4641 non
785 4583 980 4640 desinebant.

347 4691 376 4746 in
400 4691 493 4764 ignem
516 4687 620 4763 scripsi
643 4687 801 4754 audacter,
825 4702 894 4741 cum
909 4691 1029 4757 purusne
1052 4697 1115 4736 non
1139 4696 1177 4733 ex
1200 4677 1268 4751 lege
1290 4670 1480 4747 respondeat
1503 4671 1548 4728 ad
