3742 5364
233 328 343 392 visto
357 332 439 392 Iuro
866 328 905 391 98

232 516 455 578 caterahamo
478 513 635 578 lovinur’.
682 533 746 576 eno
777 533 854 576 com
907 517 1060 574 turiamini
1109 511 1247 591 Iguvini'.
1340 527 1405 576 tum
1465 536 1541 577 cum

232 616 398 697 prinvatir
420 616 574 696 peractis
596 616 704 677 sacris
721 618 855 677 ambre·
908 619 1073 692 prinovatis
1127 620 1237 693 opimis
1290 620 1384 676 sacris
1438 621 1541 677 ambi-

231 728 316 780 tut0.
362 737 428 798 ape
459 716 704 791 ambrefurent,
726 716 729 796 i
750 706 991 779 tertii-trunto.
1037 719 1089 775 ubi
1118 719 1288 789 ambierint,
1322 715 1326 798 Ι
1357 722 1397 779 ad
1431 722 1541 778 termi-

231 838 333 880 nome
361 819 540 891 benurent‚
574 828 753 880 termnuco
776 836 852 878 corn
906 838 978 876 num
1002 820 1150 888 venerint,
1172 823 1255 894 apud
1278 823 1441 879 terminum
1464 839 1539 879 cum

231 919 400 1000 prinvatir
420 939 481 981 eso
504 920 738 999 persnimumo
762 928 854 979 tase·
905 923 1072 996 prinovatis
1136 923 1179 978 sic
1236 932 1400 996 precantor
1459 924 1541 980 taci-

232 1032 301 1083 tur:
324 1018 434 1083 ‘Serfe
446 1019 582 1091 Martie,
597 1020 762 1082 Prestota
775 999 854 1080 Ser·
907 1024 947 1079 ti:
982 1017 1081 1079 ‘Certe
1113 1022 1243 1088 Martie,
1278 1022 1431 1081 Praestita
1461 1021 1537 1080 Cer-

230 1119 277 1184 fia
299 1101 418 1183 Serfer
436 1119 440 1201 l
460 1120 614 1193 Martier‚
639 1121 751 1183 Tursa
774 1100 853 1184 Ser·
907 1124 946 1180 fia
984 1122 1062 1180 Certi
1111 1116 1114 1198 l
1158 1123 1270 1200 Martii,
1315 1123 1416 1181 Tursa
1459 1123 1539 1182 Cer-

230 1222 277 1286 fia
299 1203 418 1288 Serfer
434 1222 589 1296 Martier,
612 1233 723 1283 totam
738 1221 854 1283 Tarsi·
907 1225 945 1280 sra
988 1223 1065 1282 Cerfi
1089 1224 1204 1287 Martii,
1249 1225 1404 1281 civitatem
1436 1223 1539 1282 Tadi·

231 1335 358 1396 natem,
393 1323 474 1385 trifo
507 1322 736 1395 ‘sarsinatem
769 1323 855 1384 Tus·
907 1336 1027 1393 uatem,
1065 1327 1176 1382 tribum
1211 1325 1414 1392 Tadinatem,
1452 1326 1539 1383 Tus·

230 1551 296 1588 rere
317 1533 513 1607 magistratus
537 1539 568 1586 et
593 1530 756 1592 antistites,
780 1529 928 1602 supposui
951 1529 1077 1584 ordines
1100 1536 1131 1583 et
1147 1528 1382 1586 ordinationem.
1418 1535 1538 1585 catera-

231 1651 248 1688 a
273 1633 322 1690 lat.
341 1639 459 1688 calerno
481 1650 543 1687 non
564 1632 685 1705 longius
715 1632 833 1687 recedit
856 1648 947 1703 quarn
968 1630 1058 1685 serr'lu
1082 1648 1100 1685 a
1121 1635 1243 1694 servata,
1267 1646 1379 1685 nomen
1405 1629 1538 1687 latinum

232 1735 410 1808 saepissime
432 1734 587 1807 inponitur
609 1733 830 1807 gladiatoribus
852 1731 997 1788 militibus
1024 1731 1187 1804 manipulis
1210 1731 1397 1799 cohortibus
1431 1730 1537 1789 Hora-

230 1836 288 1890 tius
311 1835 449 1908 equitum
473 1835 576 1890 turmis
600 1835 698 1906 iungit
720 1834 858 1907 peditum
882 1841 1036 1897 catervam,
1061 1833 1232 1905 Augustino
1252 1839 1332 1888 teste
1353 1830 1535 1890 Caesareae

230 1937 260 1991 in
284 1935 475 1992 Mauretania
497 1935 627 2008 populus
648 1942 801 1990 catervam
825 1933 957 1989 vocabat
990 1948 1111 2006 pugnae
1134 1933 1224 1988 ritum
1255 1933 1425 2001 lustralem,
1461 1951 1537 1992 cum

231 2036 312 2092 cives
335 2035 485 2110 lapidibus
508 2037 586 2090 inter
609 2052 642 2089 se
665 2035 696 2089 in
719 2035 797 2090 duas
814 2043 916 2108 partes
933 2034 1020 2089 divisi
1038 2033 1227 2090 sollemniter
1243 2033 1425 2090 dimicarent
1442 2043 1534 2092 certo

230 2139 302 2193 anni
327 2146 466 2212 tempore
490 2131 623 2210 (Vsener
645 2137 687 2190 ad
709 2144 779 2191 acta
803 2135 831 2193 S.
856 2134 1010 2190 Timothei
1033 2153 1061 2207 p.
1086 2130 1148 2206 25),
1183 2152 1240 2191 nec
1274 2151 1395 2208 semper
1424 2152 1536 2208 neque

229 2239 404 2295 necessario
428 2237 586 2293 confusam
622 2245 674 2293 aut
706 2237 897 2293 inconditam
925 2236 1150 2292 multitudinem
1182 2236 1223 2291 ita
1252 2237 1367 2293 dictam
1391 2252 1461 2292 esse
1483 2246 1537 2302 vel

230 2340 372 2395 scaenica
404 2337 584 2394 histrionum
607 2346 728 2393 caterva
752 2338 897 2394 ostendit.
936 2338 1081 2411 populum
1104 2355 1194 2411 quem
1217 2337 1353 2393 adsertor
1376 2338 1535 2396 umbricus

231 2439 337 2494 lustrat
368 2456 431 2494 non
462 2439 561 2494 minus
584 2438 613 2493 in
642 2439 732 2494 armis
761 2438 853 2494 fuisse
877 2439 985 2512 opinor
1009 2456 1101 2511 quarn
1124 2455 1214 2510 quem
1237 2455 1347 2493 censor
1374 2454 1535 2496 romanus

230 2540 423 2596 centuriandi
445 2539 537 2594 verbo
560 2556 598 2594 eo
621 2539 733 2595 rectius
758 2540 801 2595 uti
826 2539 952 2594 videbar
975 2540 1059 2612 quod
1083 2548 1114 2595 et
1137 2556 1214 2595 sono
1243 2538 1452 2595 centenarium
1474 2558 1535 2596 nu-

228 2657 346 2695 merum
369 2624 519 2695 simillflno
540 2639 651 2696 Graeci
673 2639 802 2695 efferunt
825 2635 941 2699 ἑκατόν
964 2635 1138 2713 τριακάτιοι
1161 2647 1191 2695 et
1215 2641 1359 2697 centuriis
1384 2636 1537 2698 Germani

229 2757 353 2814 quoque
376 2739 506 2796 concilia
527 2740 714 2815 bellicasque
737 2758 846 2797 manus
871 2739 1020 2796 deliniunt
1043 2736 1181 2814 (Tacitus
1206 2739 1308 2797 Germ.
1334 2743 1351 2800 6
1374 2749 1406 2797 et
1430 2734 1493 2817 12).

329 2841 367 2898 56
401 2841 495 2895 racrrir
517 2858 578 2895 non
601 2843 715 2913 regitur
738 2858 756 2895 a
779 2841 1006 2914 praepositione
1039 2836 1123 2915 (curn
1149 2842 1257 2914 legatis
1282 2852 1312 2897 et
1335 2840 1442 2915 sacris)
1473 2844 1536 2901 sed

229 2943 316 3016 quasi
340 2943 573 2998 instrumentum
595 2943 727 2998 ablativo
751 2960 825 2999 casu
848 2943 981 3016 positum
1006 2951 1053 2998 est
1075 2943 1250 3016 separatim.
1274 2960 1333 3015 qua
1356 2943 1449 2998 dere
1466 2960 1536 2999 cer·

230 3043 323 3099 tiores
348 3060 404 3098 nos
428 3050 516 3098 vetus
539 3043 695 3117 exemplar
718 3041 791 3098 lacit
813 3042 928 3098 enumelr
952 3048 1053 3115 spreto
1076 3049 1155 3098 tures
1178 3048 1204 3098 el
1217 3050 1297 3114 pure
1327 3043 1361 3099 id
1384 3051 1430 3099 est
1461 3049 1536 3101 tunc

230 3143 335 3199 ambito
358 3144 454 3198 taurii
474 3150 501 3199 et
521 3149 598 3217 tgna,
631 3144 682 3199 ubi
706 3144 856 3198 maximae
881 3145 1022 3200 victimae
1046 3145 1141 3200 instar
1164 3144 1300 3200 omnium
1323 3145 1534 3204 nominantur.

229 3244 272 3299 sic
294 3244 412 3300 Rornae
435 3244 466 3299 in
490 3244 584 3299 lustro
608 3262 676 3299 cum
699 3243 783 3299 fieret
807 3245 1070 3311 suovitaurilibuS‚
1101 3245 1263 3300 Africanus
1299 3245 1382 3318 apud
1405 3242 1536 3303 Cicero·

229 3362 300 3400 nem
324 3346 364 3400 de
387 3363 430 3400 or.
456 3343 563 3403 1126&
588 3345 712 3399 lustrum
735 3346 861 3400 condidit
882 3352 1045 3400 elisurum
1069 3346 1246 3417 immolavit,
1281 3354 1312 3401 et
1340 3346 1425 3420 quod
1446 3362 1534 3403 sum·

228 3446 334 3501 matim
358 3447 504 3502 dicebant
527 3455 640 3513 tauros,
676 3443 790 3502 idcirco
814 3447 908 3502 etiam
931 3446 1107 3503 solitaurilia
1138 3447 1204 3520 ipsa
1238 3446 1288 3502 illa
1322 3446 1534 3504 suovitaurilia

229 3546 383 3620 appellare
406 3547 572 3604 insuerunt.
622 3555 652 3602 et
685 3545 796 3603 Graeci
832 3548 959 3622 copiosa
993 3565 1029 3603 ac
1062 3546 1154 3620 plena
1191 3564 1278 3605 sacra
1312 3545 1534 3622 βουθυτοῦσιν

229 3640 338 3723 (schol.
365 3646 519 3720 Aristoph.
544 3646 623 3706 Plut.
646 3641 731 3724 819).
772 3648 945 3704 aruir-eluto
968 3657 1001 3705 ut
1023 3666 1096 3704 osce
1124 3646 1250 3723 urrist-el
1271 3643 1455 3722 (ambiunt),
1490 3648 1534 3706 ab

228 3744 335 3822 umser,
359 3746 396 3805 cf.
418 3745 470 3802 rub
492 3755 588 3819 super,
612 3749 673 3806 ital.
697 3755 750 3804 unt
772 3755 864 3816 anter,
890 3749 995 3809 theod.
1019 3753 1095 3805 zizar
1116 3750 1201 3806 z'nner
1225 3752 1261 3808 al.

329 3850 367 3906 57
392 3849 511 3904 Romae
534 3848 665 3906 lustrans
687 3850 835 3924 populum
858 3868 968 3906 censor
991 3869 1109 3907 sacrum
1132 3851 1205 3908 facit
1227 3851 1320 3908 Marti
1344 3851 1405 3905 deo
1427 3851 1533 3924 campi

229 3949 330 4004 Martii
348 3950 469 4022 potenti
493 3944 671 4025 (Dionysius
687 3951 729 4007 lV
746 3948 808 4025 22),
833 3970 937 4026 agrum
962 3952 1093 4009 lustrans
1110 3953 1255 4008 domiuus
1277 3952 1386 4008 lanum
1408 3951 1533 4007 Iovem·

229 4066 289 4122 que
312 4049 468 4122 praefatus
491 4059 634 4124 precatur
655 4050 786 4107 Martem
809 4060 928 4125 patrem
952 4048 1044 4122 (Cato
1067 4070 1088 4109 r.
1113 4060 1186 4109 rust.
1204 4047 1286 4125 141).
1322 4052 1394 4107 item
1415 4049 1533 4110 Martia
1611 4126 1614 4130 λ

228 4151 354 4205 numina
377 4150 443 4218 tria,
468 4151 530 4205 sive
555 4152 704 4225 triplicem
726 4152 858 4208 Martem
880 4153 984 4209 dicere
1008 4153 1053 4208 ias
1076 4161 1132 4220 est,
1156 4153 1274 4226 Iguvini
1296 4154 1451 4209 invocant.
1489 4171 1531 4209 ex

229 4252 338 4324 quibus
363 4243 493 4306 Tursam
515 4251 640 4318 Martis,
668 4254 739 4326 quia
763 4272 875 4309 nomen
898 4254 957 4310 hoc
980 4272 1050 4310 cum
1080 4254 1188 4309 tursilu
1220 4253 1312 4308 verbo
1345 4253 1532 4322 concordat,

229 4368 297 4405 curn
320 4349 436 4406 Pavore
452 4361 484 4406 et
499 4349 618 4407 Pallore
642 4369 828 4426 componere
851 4355 880 4409 in
902 4364 1043 4428 promptu
1060 4364 1116 4422 est,
1141 4353 1332 4410 Praestatam
1357 4354 1406 4410 cui
1427 4370 1527 4413 causa

229 4451 359 4505 nominis
383 4452 494 4507 eadem
518 4461 567 4507 est
589 4470 625 4508 ac
648 4453 775 4510 Laribus
798 4456 994 4528 praestitibus
1018 4463 1050 4511 et
1076 4453 1263 4510 Praestanae
1288 4453 1423 4526 Quirini,
1454 4472 1531 4512 cum

228 4550 356 4606 Honore
379 4559 410 4606 et
426 4550 546 4608 Virtute
563 4561 616 4608 aut
632 4552 779 4621 Victoria,
803 4556 901 4628 ipsum
918 4552 1041 4611 Cerfum
1057 4555 1201 4611 Martium
1217 4573 1286 4611 cum
1301 4555 1393 4629 genio
1405 4553 1531 4617 Martis·

230 4633 387 4724 quomodo
403 4649 531 4726 parsum
542 4652 658 4720 Vmbri,
683 4655 783 4711 Latini
789 4665 917 4728 parrum
934 4664 1089 4727 vocarunt,
1108 4655 1150 4711 sic
1168 4653 1252 4732 Cerfe
1271 4655 1364 4711 latino
1379 4653 1413 4711 fit
1429 4652 1531 4717 Cerre.
