3742 5364
667 381 670 387 .
713 362 751 418 69
1272 357 1379 418 Vlnl5

80 539 188 602 ocau'.
233 539 359 601 Pesclu
379 537 383 617 Ι
403 559 499 600 semu
522 539 702 609 vesticatu,
719 564 742 602 re
757 539 842 602 cavi.'
866 544 940 600 Cum
954 545 1131 617 precatione
1151 544 1155 614 Ι
1175 543 1262 599 simul
1276 543 1379 612 libato,

81 638 300 719 atripursatu.
356 659 422 719 ape
455 660 532 701 eam
566 640 705 718 purdin·
756 646 922 718 tripodato.
988 645 1038 700 nbi
1085 664 1155 700 eam
1203 646 1379 718 porrexerit,

81 751 165 813 sust,
199 751 381 820 proseseto
411 760 489 801 erus
513 740 594 802 ditu.
639 761 704 802 eno
756 754 966 818 prosectorum
1000 764 1068 802 erus
1104 747 1188 803 dato.
1244 754 1309 802 tum
1341 765 1378 801 ex

81 842 232 903 scalseto
276 841 437 903 vestisiar
481 859 560 901 erus
603 860 703 903 cone·
754 854 862 919 patera
904 846 1048 902 vesticiae
1092 863 1161 902 erus
1206 864 1286 919 genu
1334 848 1378 902 ni·

80 1066 173 1121 quam
196 1048 386 1103 dimidiatam
419 1048 444 1103 si
477 1048 634 1118 intelleges
667 1049 890 1120 precationem,
929 1049 958 1104 in
988 1050 1066 1105 duas
1099 1057 1202 1123 partes
1235 1049 1378 1121 aequales

81 1149 282 1216 distributam,
318 1149 470 1204 sententia
493 1148 605 1204 existet
627 1147 732 1204 futtilis
754 1150 802 1205 cni
826 1150 1007 1206 adversatur
1039 1151 1267 1224 supplicationis
1302 1149 1378 1204 illius

79 1261 169 1304 tenor
191 1258 367 1323 perpetuus.
401 1249 494 1304 immo
518 1249 560 1304 sic
584 1249 702 1322 accipio
725 1246 766 1322 μὴ
791 1245 981 1323 ὁλόκληρον,
1005 1251 1180 1324 precatione
1197 1268 1259 1306 non
1283 1249 1377 1321 finita,

79 1351 128 1405 vel
151 1352 236 1424 quod
257 1352 287 1406 in
311 1350 410 1406 bibliis
433 1350 604 1406 christianis
636 1350 764 1423 legimus
793 1352 823 1406 in
854 1353 958 1407 medio
983 1352 1205 1408 sollemnitatis.
1249 1352 1377 1407 attende

80 1451 207 1507 latinum
237 1452 363 1507 verbum
395 1469 457 1526 quo
479 1453 573 1507 modo
597 1451 742 1525 Boethius
780 1461 900 1508 enarret
933 1453 1003 1510 inst.
1030 1471 1106 1509 mus,
1130 1452 1199 1510 116
1223 1461 1297 1510 extr.
1321 1453 1377 1507 do-

80 1569 155 1607 cens
188 1568 331 1608 numeros
365 1552 440 1608 XVI
465 1561 497 1608 et
520 1552 624 1608 XVlll
652 1553 782 1609 collatos
805 1555 1052 1626 sesquioctavam
1086 1554 1217 1609 retinere
1247 1570 1374 1626 propor-

80 1653 196 1708 tionem
217 1661 312 1726 atque
335 1653 450 1710 idcirco
474 1662 589 1720 tonum,
616 1655 750 1710 medium
770 1663 871 1710 autem
889 1673 1044 1710 nnmerum
1060 1654 1145 1710 XVll
1162 1672 1230 1710 eam
1252 1671 1377 1727 propor-

77 1753 194 1810 tionem
217 1755 332 1811 nonin
350 1756 489 1828 aequalia
512 1755 628 1828 partiri:
652 1751 719 1812 ‘sed
742 1765 871 1830 utraque
888 1757 1051 1812 semitonia
1069 1763 1290 1828 nuncupantur,
1314 1771 1377 1809 non

79 1856 165 1928 quod
187 1856 312 1911 omnino
337 1857 498 1913 semitonia
522 1875 559 1911 ex
575 1876 674 1930 aequo
692 1859 752 1914 sint
775 1859 887 1925 media,
912 1860 969 1914 sed
994 1859 1073 1930 quod
1091 1875 1194 1912 serrium
1219 1856 1279 1910 (lici
1296 1856 1376 1922 solet,

79 1956 161 2028 quod
180 1957 222 2010 od
236 1956 430 2030 mtegrz'iolem
455 1976 542 2029 usque
561 1976 618 2013 non
635 1953 789 2031 pervenit)
811 1958 891 2013 hanc
907 1959 946 2013 ol)
963 1975 1087 2013 causam
1101 1974 1205 2011 sentum
1226 1951 1376 2028 ἡμίκενον

80 2053 275 2121 Philoxenus,
319 2075 381 2112 non
404 2052 512 2130 ἥμισυ.
552 2058 698 2114 Germani
717 2058 814 2132 gebelr
834 2057 940 2113 halben
962 2076 1016 2131 pro
1035 2057 1149 2130 pescler
1166 2065 1252 2129 paca.

181 2159 218 2215 16
242 2158 394 2230 tripodam.
420 2158 508 2229 longe
532 2159 686 2214 definitius
710 2158 814 2225 Vmbri
837 2160 1019 2231 olrv'podolo,
1058 2158 1140 2213 cuius
1164 2157 1223 2212 vim
1247 2174 1377 2230 praepo-

79 2256 198 2313 sitionis
220 2276 281 2313 non
305 2266 377 2313 sunt
399 2260 548 2318 adsecuti.
589 2279 647 2316 nec
670 2260 751 2315 enim
774 2261 895 2326 saltare,
930 2260 954 2314 si
987 2258 1033 2314 ias
1057 2266 1104 2313 est
1128 2257 1186 2314 hoc
1206 2259 1299 2313 verbo
1322 2259 1374 2325 uti,

77 2358 198 2415 iubetur
221 2360 270 2432 qui
294 2358 367 2414 iacit
389 2377 521 2426 sacrum,
555 2361 612 2416 sed
646 2378 791 2434 spargere
818 2362 848 2416 in
871 2361 1045 2433 tripudium.
1089 2360 1132 2414 ita
1155 2359 1285 2415 Romani
1309 2359 1372 2430 pul·

80 2458 176 2514 lorum
196 2460 326 2534 tripudia
348 2461 463 2529 dixere,
486 2465 525 2518 de
542 2464 650 2538 quibus
667 2464 740 2520 satis
763 2463 819 2519 erit
842 2464 1043 2518 disserentem
1064 2462 1171 2516 audire
1194 2459 1374 2515 Ciceronem

78 2561 118 2615 de
141 2561 200 2618 div.
216 2562 295 2620 1172
323 2563 393 2634 quio
416 2583 477 2618 cum
494 2571 668 2637 poscuntur,
692 2583 798 2620 necesse
816 2571 856 2619 esi
876 2564 995 2636 olz'pm‘d
1014 2582 1053 2618 es·
1076 2581 1124 2617 ore
1147 2562 1249 2616 cadere
1273 2566 1299 2614 el
1319 2566 1374 2614 ler-

76 2679 143 2715 ram
160 2663 276 2734 potore,
308 2663 501 2735 lerripom'nm
517 2665 627 2736 primm
652 2671 721 2736 posi
748 2665 940 2735 terripudium
971 2664 1075 2718 dicium
1106 2668 1152 2729 esi,
1187 2661 1239 2716 hoc
1262 2663 1373 2733 quidem

78 2762 137 2816 z'om
158 2762 314 2835 trptudium
339 2765 462 2829 (licitum
485 2784 547 2820 curn
570 2767 665 2838 igilur
688 2764 748 2839 offo
770 2767 872 2820 cecidit
896 2783 935 2820 ex
951 2783 1000 2819 ore
1010 2764 1102 2837 pulli,
1126 2769 1185 2817 ium
1209 2763 1377 2834 ‹ruspr'canlr'

77 2864 232 2935 tripudium
252 2865 425 2920 solistimum
448 2868 609 2924 nunrzotor.
664 2869 767 2940 itaque
789 2866 956 2922 libamenta
979 2867 1053 2921 dum
1076 2883 1114 2919 ex
1136 2873 1242 2938 patera
1265 2861 1373 2917 deiun-

77 2965 154 3019 dunt
178 2973 223 3019 ter
244 2973 351 3039 terque
386 2961 543 3040 (σπονδὰς
566 2964 754 3041 ῥιπτοῦντες
782 2964 818 3041 ἐς
842 2961 942 3039 οὖδας
969 2964 1176 3038 Empedocles
1200 2962 1309 3038 Porph.
1334 2965 1374 3019 de

77 3065 184 3120 abstin.
210 3063 317 3139 11211,
340 3069 516 3141 olrzpodont.
562 3086 683 3143 semper
716 3069 793 3125 haec
823 3068 1029 3140 extripodatio
1065 3067 1228 3122 coniuncta
1266 3064 1375 3136 legitur

77 3181 146 3219 cum
167 3167 377 3236 vesticatione,
402 3169 482 3225 velut
497 3169 525 3225 Il
540 3171 566 3226 A
584 3173 623 3228 24
638 3189 677 3228 ss.
701 3170 752 3226 nbi
768 3170 896 3225 noviens
914 3169 1060 3224 sacerdos
1077 3167 1254 3240 extripodat
1270 3165 1374 3220 finem-

77 3282 137 3338 que
169 3267 241 3323 lacit
274 3269 431 3325 oblatione
453 3288 544 3336 nona,
569 3280 621 3327 aut
645 3273 709 3328 vice
733 3271 885 3326 libationis
909 3270 1083 3325 nominatur
1106 3267 1177 3324 ΠΒ
1204 3267 1239 3323 te
1264 3274 1372 3341 utpote

77 3366 142 3421 sine
166 3385 225 3441 qua
247 3386 310 3425 non
332 3371 430 3444 possit
452 3372 518 3444 ipsa
541 3374 654 3445 peragi.

176 3488 251 3527 erus.
285 3480 393 3526 natura
416 3472 479 3528 eius
513 3474 681 3529 admodum
714 3473 894 3547 perspicitur
925 3490 961 3528 ex
994 3473 1096 3528 tabula
1126 3470 1250 3533 111127
1285 3468 1393 3541 coluli

78 3569 132 3624 duo
151 3569 239 3647 tesro,
262 3573 376 3628 teritum
399 3592 466 3628 erus
481 3582 642 3647 prosecolo,
667 3575 831 3649 opponitur
854 3574 934 3629 enim
957 3573 1076 3629 hostiae
1100 3572 1237 3646 partibus
1252 3571 1372 3627 duabus

76 3688 202 3745 quarum
225 3690 338 3728 nornen
354 3675 580 3730 combusturam
596 3676 698 3749 prodit
713 3677 801 3732 tertia
818 3683 963 3748 tanquam
982 3673 1204 3747 praestabilior.
1229 3681 1260 3728 et
1276 3672 1372 3745 ipsam

77 3787 199 3844 quoque
224 3775 432 3846 praemonebo
456 3776 574 3832 absumi
596 3777 658 3849 igni
681 3779 737 3833 sed
759 3783 920 3832 tractatam
945 3805 983 3814 -
1011 3793 1083 3830 nam
1106 3774 1198 3830 etiam
1222 3790 1314 3828 manu
1332 3772 1372 3827 vi·

77 3872 185 3927 demus
209 3873 308 3946 colligi
333 3906 368 3912 -
393 3885 425 3932 et
447 3877 665 3934 commolitam.
711 3896 777 3932 erus
808 3877 858 3933 ubi
893 3878 1000 3933 datum
1024 3882 1080 3941 est,
1112 3875 1204 3930 etiam
1228 3874 1253 3930 si
1274 3873 1371 3929 minu·

76 3970 160 4026 tulae
183 3973 405 4046 subiunguntur
427 3976 640 4045 caerimoniae,
669 3978 712 4034 ire
735 3979 816 4045 lieet,
843 3984 1089 4033 consummatum
1110 3986 1158 4032 est
1181 3976 1372 4032 sacrificium.

75 4089 188 4127 nornen
205 4076 301 4159 neutri
315 4076 436 4148 generis
453 4085 486 4132 ut
505 4085 574 4148 opus
591 4086 644 4135 aut
660 4080 713 4146 ius,
739 4097 802 4135 non
826 4087 873 4134 est
897 4078 1045 4133 materiae
1068 4086 1173 4134 certae
1197 4079 1255 4134 sed
1277 4081 1371 4136 modo

74 4173 271 4246 prosiciarum
293 4178 386 4232 modo
409 4177 564 4246 vesticiae,
588 4197 646 4234 nec
670 4180 742 4234 certi
765 4179 909 4252 ponderis
926 4179 1050 4234 modive
1066 4179 1122 4234 nisi
1145 4178 1196 4251 qui
1220 4177 1298 4234 forte
1321 4197 1371 4234 ve-

73 4283 164 4329 nerat
184 4273 503 4343 inconsuetudinem,
527 4279 582 4334 sed
606 4280 671 4335 eius
693 4280 839 4353 quamde
861 4287 947 4352 parte
970 4279 1072 4335 divina
1096 4279 1235 4335 homines
1256 4279 1373 4337 habent

74 4374 237 4450 opinionis
260 4377 358 4448 qualia
372 4379 492 4435 Romae
515 4379 635 4436 fuerunt
659 4381 800 4453 augmina
823 4389 854 4435 et
876 4389 1063 4454 magmenta.
1109 4381 1239 4437 totidem
1265 4381 1372 4438 litteris

74 4476 168 4532 latine
185 4476 324 4534 dominus
340 4480 487 4548 scribitur,
511 4483 632 4537 eritudo
648 4482 673 4536 si
689 4480 785 4536 Paulo
801 4482 951 4541 credimus
968 4482 1134 4549 servitud0,
1153 4483 1239 4538 eritio
1255 4482 1286 4536 in
1305 4482 1371 4538 Pla-

73 4577 135 4634 cidi
157 4577 266 4652 glossis
289 4580 465 4640 dominatio.
499 4601 561 4638 non
585 4583 830 4655 disiungendum
846 4602 913 4638 erus
935 4584 1101 4640 censebam
1117 4584 1157 4640 ab
1172 4589 1249 4639 erem
1271 4582 1375 4643 11114

71 4679 121 4735 vel
135 4677 232 4735 herziu
249 4681 413 4755 dequibus
430 4701 520 4757 supra
536 4684 608 4749 dixi,
631 4699 689 4755 qua
706 4682 745 4737 de
769 4685 861 4758 stirpe
876 4684 1007 4759 plurima
1025 4683 1206 4743 Vmbrorum
1229 4689 1259 4737 et
1274 4680 1377 4739 Osco·
