3742 5364
714 360 750 416 91
1170 356 1287 416 vrato
1301 356 1384 417 1315

83 545 178 602 verbo
200 563 215 600 s
236 545 266 600 in
288 544 390 602 locum
413 563 426 600 c
447 544 567 601 litterae
590 545 778 601 successisse
802 553 890 601 vetus
918 544 1021 601 tabula
1043 545 1147 602 docet.
1192 544 1385 619 interpretati

83 654 155 703 sunt
178 646 243 702 sine
267 646 326 702 ulla
349 645 566 719 probabilitate
590 645 688 718 virgas
711 663 750 701 ex
772 645 852 701 malo
876 643 991 701 Punica
1014 642 1131 712 factas,
1166 625 1238 701 nam
1268 653 1304 702 ut
1329 644 1383 700 im·

82 747 304 821 portunitatem
326 753 448 802 taceam
470 744 604 818 genetivi
628 740 654 821 (a
676 743 819 819 caprifico
832 746 948 826 ar'rgam
967 744 1065 801 Varro
1081 746 1099 801 l.
1112 746 1162 804 lat.
1175 745 1220 801 VI
1233 748 1272 804 18
1295 735 1386 820 araga

83 867 124 904 ex
145 849 221 904 mala
243 847 365 904 Servius
378 847 454 904 Aen.
467 845 511 901 IV
526 845 610 922 137),
634 863 693 902 nec
717 845 791 919 ligni
813 830 973 901 materiam
994 846 1051 901 sed
1073 844 1205 901 muneris
1221 853 1328 902 notam
1351 853 1384 902 ut
1435 861 1438 868 ’

82 950 251 1024 cogitemus
267 957 378 1021 percar
399 947 560 1002 aramatz'ar
582 946 747 1002 similitudo
765 946 886 1013 suadet,
910 963 1011 1019 neque
1027 963 1045 1000 a
1061 944 1173 1002 Poenis
1190 946 1382 1004 deliciarum·

82 1067 142 1124 que
165 1050 395 1123 peregrinarum
419 1066 475 1104 usu
499 1056 561 1104 tam
583 1049 663 1103 bene
679 1047 764 1119 poni·
788 1047 952 1104 deducitur
975 1065 1069 1123 quam
1092 1066 1110 1103 a
1131 1047 1221 1122 patrii
1244 1047 1383 1104 sacrificii

82 1159 232 1226 apparatu
254 1151 425 1208 identidem
446 1151 477 1205 in
505 1149 617 1206 tabulis
648 1149 759 1205 nostris
784 1156 1035 1207 commemorato.
1080 1148 1118 1203 ab
1142 1147 1202 1205 hoc
1229 1150 1306 1221 poni
1336 1165 1386 1203 ve-

80 1254 164 1310 nisse
187 1253 318 1327 primum
343 1251 465 1324 panr'ct'a
499 1251 629 1306 arbitror
660 1258 694 1305 ut
715 1268 733 1306 a
756 1248 852 1305 Vesta
881 1249 997 1305 vesticia
1029 1248 1081 1322 (cl.
1105 1249 1198 1304 latina
1224 1250 1381 1322 pannucia

79 1355 226 1410 sodalicia
247 1351 299 1427 al.)
323 1353 438 1408 deinde
454 1351 601 1425 panz'cz'ata
625 1347 676 1423 (cf.
693 1350 820 1407 latinum
835 1348 1017 1424 pannact'ata
1040 1358 1071 1406 et
1093 1350 1215 1407 lictores
1238 1350 1382 1419 curiates

80 1457 139 1512 nisi
168 1464 272 1512 tamen
304 1454 447 1510 curiatios
481 1452 582 1526 potius
610 1446 940 1526 nominari-oportet).
998 1468 1185 1525 quamquam
1212 1451 1382 1524 ponz'cz'ater

80 1557 240 1630 genetivus
272 1555 363 1612 etiam
391 1571 461 1611 cum
494 1554 620 1626 quoiatis
649 1553 781 1608 Antiatis
802 1562 856 1609 aut
879 1554 960 1609 adeo
986 1553 1163 1627 praegnatis
1182 1553 1383 1626 praegnantis

80 1665 185 1732 potest
207 1657 385 1730 comparari,
409 1672 539 1728 eamque
562 1655 603 1710 ob
624 1671 751 1711 causam
772 1655 876 1711 ultima
892 1671 961 1727 pars
982 1653 1082 1711 suffixi
1104 1655 1224 1710 interim
1250 1654 1382 1710 maxime

80 1759 212 1815 obscura
233 1766 338 1815 restat.
381 1757 456 1813 lixas
478 1756 563 1812 multi
589 1757 757 1812 credebant
780 1774 798 1811 a
820 1756 879 1812 lixa
909 1773 989 1830 aqua
1019 1756 1120 1812 dictos
1150 1765 1184 1812 ut
1211 1755 1336 1811 calones
1362 1772 1380 1810 a

79 1859 168 1932 lignis
186 1856 316 1932 (Nonius
339 1875 368 1931 p.
392 1859 432 1916 48
455 1867 487 1913 et
511 1849 576 1933 62),
600 1850 818 1912 venenarium
833 1856 864 1911 in
879 1856 1007 1929 collegio
1031 1855 1177 1912 fetialium
1201 1872 1292 1911 nemo
1316 1873 1380 1912 non

79 1959 178 2015 credit
200 1959 317 2014 dictum
346 1977 364 2014 a
396 1958 489 2014 sacris
521 1957 673 2016 verbenis:
707 1958 749 2014 ita
783 1957 878 2030 Iguvii
901 1976 920 2013 a
944 1959 1024 2031 poni
1043 1958 1178 2031 panz'cz'as
1201 1957 1302 2014 dictus
1323 1964 1380 2026 est,

80 2059 165 2115 cuius
188 2059 270 2132 virga
291 2076 358 2115 cum
381 2067 555 2134 opponatur
570 2059 672 2132 virgae
693 2059 906 2132 imperatoriae
928 2059 1122 2127 sacerdotali,
1147 2059 1195 2114 vix
1211 2057 1380 2132 quidquam

80 2159 256 2216 credibilius
279 2161 388 2234 opinor
410 2178 502 2234 quam
524 2161 662 2217 ministro
696 2178 734 2216 ex
766 2179 805 2217 eo
839 2178 966 2217 numero
1001 2161 1033 2216 id
1067 2178 1179 2216 nomen
1211 2158 1306 2215 fuisse
1329 2158 1381 2232 qui

81 2260 176 2316 sacris
199 2269 393 2334 apparerent,
427 2261 549 2335 publico
578 2281 596 2318 a
630 2261 731 2318 sacris.
778 2279 835 2317 nec
860 2262 994 2318 dedecet
1028 2261 1060 2317 id
1092 2277 1189 2336 genus
1222 2259 1380 2315 hominum

75 2369 168 2435 perca
190 2362 308 2434 signum
331 2361 497 2419 ministerii.
541 2363 572 2418 in
602 2363 733 2418 nummis
768 2366 968 2437 quaestorum
1002 2370 1124 2436 praeter
1159 2359 1249 2417 buius
1284 2360 1379 2435 ipsius

80 2460 276 2533 magistratus
299 2461 446 2534 iusignia,
470 2479 570 2518 arcam
593 2463 744 2536 pecuniae
766 2471 797 2518 et
822 2461 928 2518 sellam
952 2461 999 2516 vel
1022 2461 1212 2527 subsellium,
1240 2460 1379 2518 incusam

79 2562 174 2618 etiam
196 2561 309 2636 virgam
332 2568 448 2617 rectam
471 2562 609 2618 videmus
644 2580 736 2635 quam
772 2563 903 2618 viatores
938 2561 1131 2636 quaestorios
1161 2559 1294 2634 gessisse
1318 2560 1379 2616 veri

80 2663 260 2720 simillimum
284 2672 345 2735 est;
382 2661 480 2739 lictor
493 2680 638 2720 romanus
667 2663 783 2720 fascem
810 2663 960 2738 virgarum
988 2664 1109 2718 sinistro
1138 2678 1242 2717 umero
1265 2667 1378 2736 gestat.

78 2764 182 2820 nobile
207 2765 280 2820 satis
304 2763 438 2820 officium
459 2767 622 2838 praeconis
656 2773 703 2821 est
735 2766 785 2838 qui
815 2766 1002 2821 caduceator
1036 2772 1160 2820 vocatur
1188 2780 1206 2818 a
1239 2763 1378 2818 caduceo

79 2882 147 2932 sue,
171 2865 278 2921 servile
301 2864 442 2922 calonum
466 2866 512 2922 vel
532 2867 720 2922 clavatorum
743 2883 821 2939 quos
845 2865 959 2922 Paulus
976 2865 1062 2922 Festi
1086 2866 1129 2921 sic
1152 2864 1252 2920 dictos
1275 2869 1379 2919 narrat

79 2966 165 3039 quod
187 2966 303 3039 ligneas
326 2967 428 3023 clavas
451 2976 603 3041 gererent.
648 2969 721 3024 item
745 2969 829 3043 apud
857 2967 1029 3024 Germanos
1063 2984 1116 3023 rex
1139 2975 1170 3023 et
1192 2966 1285 3021 iudex
1314 2981 1378 3020 non
1424 2990 1432 3006 ·

78 3067 176 3139 magis
200 3084 291 3141 quam
314 3069 411 3123 nuntii
440 3085 548 3124 eorum
571 3077 602 3124 et
623 3071 746 3126 accensi
774 3073 843 3126 c'um
875 3070 991 3126 baculis
1025 3078 1057 3124 ct
1089 3068 1178 3140 virgis
1213 3066 1378 3139 funguutur

78 3168 252 3225 muneribus
277 3167 455 3242 (Grimmius
481 3169 574 3242 antiq.
598 3169 669 3225 iuris
691 3188 721 3244 p.
738 3171 798 3228 134
822 3170 957 3244 et132).
1001 3170 1085 3244 quod
1109 3169 1133 3225 si
1156 3170 1196 3225 de
1212 3167 1378 3241 panz'sz‘atcr

78 3277 161 3324 recte
180 3268 321 3336 iudicavi,
338 3266 524 3346 prznanatus
539 3289 603 3326 non
626 3287 718 3345 posse
742 3289 810 3328 esse
833 3272 962 3328 eosdem
992 3272 1140 3328 calatores
1163 3284 1373 3344 praeconesve

78 3368 165 3425 facile
187 3369 377 3443 perspicitur,
402 3370 495 3444 idque
520 3389 573 3427 cur
595 3389 714 3445 negem,
739 3372 799 3429 alia
815 3389 936 3447 quoque
953 3381 1133 3448 argumenta
1149 3380 1273 3446 praesto
1296 3378 1376 3428 sunt.

76 3467 206 3542 primum
227 3470 310 3525 enim
332 3488 435 3527 nonne
461 3473 554 3529 etiam
576 3491 678 3530 arcem
699 3475 796 3548 planti
817 3475 930 3532 flamini
954 3475 1065 3530 adesse
1087 3473 1277 3547 apparitores
1301 3487 1374 3526 con·

77 3574 260 3625 sentaneum
283 3565 352 3625 est?
396 3580 500 3629 tamen
523 3573 553 3628 in
575 3572 624 3629 illa
649 3575 836 3632 caerimonia
858 3575 942 3631 nulla
962 3574 1070 3630 horum
1092 3574 1209 3630 mentio
1233 3572 1275 3641 fit,
1299 3571 1374 3647 quid

77 3667 168 3741 igitur
189 3668 237 3725 hic
259 3689 315 3727 eos
340 3673 434 3730 etiam
456 3683 549 3749 atque
572 3675 666 3732 etiam
695 3677 844 3751 appellari
868 3663 1022 3752 oportuit?
1069 3694 1108 3732 an
1131 3675 1244 3731 missae
1268 3672 1374 3729 catho-

77 3766 153 3824 licae
176 3770 248 3827 ritus
269 3773 363 3847 siquis
387 3775 493 3848 paucis
516 3777 755 3850 comprehensos
789 3780 971 3836 redacturus
1000 3785 1046 3833 est
1074 3778 1105 3833 in
1128 3777 1202 3850 legis
1228 3775 1374 3850 speeiem,

76 3869 201 3928 assidue
223 3872 255 3927 in
277 3875 455 3930 memoriam
475 3876 687 3934 acoluthorum
710 3879 821 3936 redibit
845 3879 896 3953 qui
923 3879 1102 3952 presbytero
1126 3885 1291 3950 apparent,
1315 3893 1373 3933 nec

76 3972 150 4028 satis
174 3971 300 4029 habebit
322 3975 415 4030 semel
439 3975 495 4032 bos
518 3978 672 4035 indicasse
696 3981 761 4036 sine
778 3980 885 4056 quibus
909 3980 966 4034 etsi
989 3996 1052 4034 non
1075 3978 1274 4053 perficiuntur
1289 3976 1374 4045 rituS,

76 4072 155 4129 ultro
178 4082 283 4130 tamen
306 4076 363 4150 ipsi
385 4076 499 4133 nullum
521 4076 701 4152 perficiunt?
747 4090 811 4138 tum
834 4081 877 4138 sic
899 4079 1050 4154 prinovati
1072 4088 1105 4135 et
1127 4078 1265 4135 adsertor
1286 4079 1374 4135 iden·

76 4173 172 4230 tidem
195 4176 418 4258 coniunguntur
439 4178 579 4237 inunum
595 4182 774 4256 imperativo
790 4182 884 4237 modo
909 4179 962 4236 ubi
978 4182 1009 4236 in
1028 4198 1122 4235 arcem
1138 4180 1255 4248 venerat,
1278 4185 1374 4235 stante

76 4275 119 4328 ad
136 4277 287 4331 termz'num
311 4278 410 4333 ethic
432 4297 494 4334 cum
517 4281 580 4336 illis
597 4289 754 4355 precentor
780 4293 811 4338 et
833 4282 888 4338 ubi
905 4283 955 4339 trac
977 4283 1093 4338 dz'xcrr't
1113 4280 1259 4337 anabz'unto
1275 4282 1373 4347 eidem,

77 4383 112 4431 ut
135 4393 202 4432 eam
225 4379 382 4438 rationem,
398 4380 545 4456 loquendi
569 4393 641 4457 apte
666 4384 789 4459 quidem
818 4386 931 4441 cadere
959 4385 1074 4442 sentias
1102 4384 1132 4439 in
1156 4382 1296 4439 homines
1323 4382 1375 4458 qui

75 4476 139 4533 lere
161 4479 360 4553 aequiparent
382 4483 439 4538 sed
462 4502 524 4540 non
547 4494 620 4557 apte
641 4486 672 4540 in
696 4486 816 4560 eosqui
839 4487 1002 4558 plurimum
1025 4487 1141 4543 distent
1161 4488 1239 4543 inter
1261 4503 1295 4542 se
1318 4485 1374 4541 ho·

73 4595 150 4634 nore
173 4589 204 4636 et
229 4581 388 4655 dignitate.
429 4602 466 4640 ac
488 4603 568 4658 nego
591 4586 733 4658 equidem
756 4587 786 4641 in
807 4587 936 4660 publicis
952 4588 1159 4649 monumentis
1184 4587 1374 4663 apparitores

73 4697 144 4737 cum
166 4683 345 4756 magistratu
369 4703 425 4742 suo
447 4695 500 4743 aut
522 4687 684 4743 sacerdote
706 4687 846 4760 potuisse
863 4691 998 4766 copulari
1020 4696 1235 4769 numerarique
1257 4687 1288 4742 iu
1312 4702 1377 4744 una
