3742 5364
711 377 751 437 57
843 375 846 383 “
1267 380 1379 444 Vnst

77 555 200 620 heritu.
266 557 322 619 dei
360 556 549 631 Crabovie,
587 560 703 639 persei
755 565 826 623 cito
873 567 941 621 dive
971 565 1117 634 Grabovi,
1150 569 1300 644 quidquid
1335 572 1380 627 tui

76 666 156 721 tuer
181 659 335 738 perscler
357 669 481 721 vaseto
505 669 567 732 est,
601 680 701 740 pese·
755 667 894 723 sacrificii
907 668 1045 724 vitiatum
1056 676 1112 737 est,
1136 679 1297 744 peccatum
1320 681 1378 741 est,

76 768 215 833 tomest,
249 769 473 841 peretomest‚
501 763 505 838 l
535 759 703 823 frosetom
717 787 741 825 as
754 776 946 842 peremptum
985 779 1041 838 est,
1073 766 1077 843 Ι
1107 769 1282 828 fraudatum
1320 782 1378 843 est,

78 871 146 937 est,
185 863 395 934 daetomest‚
434 872 513 924 tuer
548 864 703 942 perscler
756 869 914 944 demptum
947 879 1004 939 est,
1038 873 1081 928 tui
1114 871 1253 929 sacrificii
1284 875 1379 931 visum

75 1068 173 1125 herrtu
195 1068 259 1125 fieri
282 1068 424 1143 analogia
447 1069 591 1143 patiatur,
626 1069 718 1142 plane
753 1087 815 1125 non
849 1088 904 1145 pro
937 1073 1061 1130 nomine
1089 1075 1313 1151 participioque
1344 1077 1377 1132 id

77 1171 256 1228 habendum
278 1171 397 1228 videtur
425 1173 481 1227 sed
514 1188 569 1245 pro
593 1172 685 1227 verbo
715 1179 746 1227 et
768 1171 948 1246 imperativo
978 1175 1021 1231 ita
1050 1184 1082 1231 ut
1109 1175 1191 1233 duae
1214 1194 1290 1250 quas
1315 1178 1378 1233 dixi

77 1253 226 1329 formulae
247 1272 359 1329 eodem
381 1273 512 1330 tendant
535 1289 572 1327 ex
596 1272 728 1327 diverso,
773 1272 852 1330 hanc
877 1281 961 1330 verto
995 1277 1086 1348 qrrasr'
1104 1295 1154 1334 nec
1177 1277 1303 1349 accipito,
1340 1278 1374 1334 id

77 1383 126 1431 est
148 1374 234 1449 quasi
257 1392 319 1430 non
343 1373 467 1430 sintita
491 1391 561 1430 esse
583 1373 697 1441 iubet0,
722 1373 753 1429 in
775 1375 919 1448 ambiguo
936 1376 1170 1450 relinquendum
1193 1386 1286 1446 ratuS,
1310 1380 1376 1453 nee’p

76 1484 177 1532 utrum
198 1475 329 1532 nominis
353 1476 418 1531 vice
442 1475 585 1549 fungatur
608 1482 757 1549 tanquam
780 1475 872 1547 nz'ta't,
907 1478 1170 1551 quemadmodum
1202 1498 1296 1535 noenu
1318 1499 1377 1536 non

76 1578 185 1634 habuit
209 1577 248 1633 ab
272 1577 388 1652 origine
411 1579 468 1633 sed
491 1577 573 1632 exuit
596 1576 727 1632 nominis
750 1584 948 1654 potestatem,
972 1596 1012 1633 an
1034 1574 1101 1638 κατ’
1117 1574 1261 1654 ἔλλειψιν
1284 1590 1378 1656 neget

76 1679 239 1754 participia
263 1679 350 1752 quasi
368 1697 418 1734 nec
440 1685 539 1734 ortum
562 1677 732 1733 omissosve
756 1678 856 1736 derceto.
902 1679 1056 1735 Arnobius
1075 1676 1116 1734 vex
1139 1698 1272 1754 persona
1295 1682 1375 1738 Iovis

76 1779 141 1838 Va
173 1781 317 1853 siquando
333 1788 391 1853 per
404 1778 543 1857 fulgura
573 1777 778 1853 significavero
814 1780 933 1852 aliquid
962 1781 1118 1851 attemerare,
1142 1781 1242 1858 facite
1271 1783 1324 1838 hoc
1353 1789 1380 1838 et

75 1883 155 1948 illut,
177 1887 210 1936 ut
228 1883 309 1954 quod
328 1880 404 1954 fieri
422 1882 515 1936 statui
543 1881 631 1936 inane
660 1879 721 1953 fiat
752 1886 780 1936 et
801 1899 923 1936 vacarum
947 1888 974 1936 et
991 1900 1141 1938 sacrorum
1174 1884 1208 1939 oi
1233 1889 1376 1951 vanescat,

77 2000 226 2056 augurum
260 1983 351 2039 verba
380 1983 473 2038 rierr'ta
502 1981 665 2060 trajectoque
693 1988 776 2038 santo
811 1981 919 2039 Cicero
942 1981 1152 2056 Horatiusque
1188 2001 1376 2058 expressere,

77 2084 116 2138 da
140 2084 251 2140 veniam
275 2085 375 2156 crebrae
400 2091 432 2140 et
455 2084 590 2157 ignoscite
626 2082 753 2140 Ovidius
778 2083 796 2142 f.
822 2082 866 2138 IV
883 2085 942 2141 755
977 2084 1027 2157 qui
1059 2085 1177 2141 utinam
1207 2102 1245 2140 ex
1275 2086 1375 2160 prisca

75 2193 202 2242 moneta
224 2203 314 2259 quam
336 2203 374 2241 ex
397 2202 451 2241 sua
472 2186 608 2260 proferre
636 2185 793 2241 maluisset
815 2185 880 2240 illas
904 2202 1021 2258 preces.

177 2292 298 2343 oasetom
320 2287 441 2362 proprie
464 2287 657 2344 vacefactum
682 2287 902 2353 intermissum,
936 2305 1040 2342 verum
1073 2295 1136 2344 tam
1167 2289 1229 2345 late
1259 2289 1291 2345 id
1322 2307 1376 2363 pa·

76 2390 173 2446 tuisse
196 2407 288 2464 quam
310 2389 339 2445 in
362 2407 395 2445 re
418 2389 521 2445 divina
536 2391 746 2446 Romanorum
769 2389 903 2444 aitr'aturn
927 2407 995 2445 cum
1016 2389 1152 2446 ultimum
1176 2398 1376 2465 praeceptum

77 2492 215 2548 ostendit
239 2494 279 2548 de
301 2491 523 2547 instauratione
547 2492 684 2548 sacrificii
708 2491 784 2549 1347
816 2498 879 2546 tum
901 2508 1014 2546 nomen
1041 2493 1127 2564 quod
1149 2491 1253 2547 statim
1276 2492 1376 2565 sequi·

76 2600 126 2649 tur
148 2611 208 2652 aas.
252 2593 365 2649 deinde
382 2599 501 2666 pesetora
524 2603 662 2666 apecca·
685 2593 872 2650 declinatum
906 2601 940 2647 ut
967 2598 1089 2648 auretam
1112 2593 1215 2648 rnuz'eto
1246 2610 1263 2648 a
1287 2611 1373 2648 vaca-

77 2713 188 2769 muga·,
225 2713 292 2751 cum
320 2695 351 2750 in
383 2695 448 2751 aliis
472 2713 490 2749 a
512 2695 692 2751 remanserit
721 2702 755 2750 ut
787 2694 818 2749 in
850 2694 980 2749 tuderato
996 2699 1132 2766 prorata,
1167 2693 1297 2750 fortasse
1319 2711 1374 2769 per

78 2794 281 2852 differentiam
303 2796 445 2853 thematis
462 2805 494 2852 ut
518 2797 639 2852 densare
662 2797 778 2851 densere
793 2796 840 2850 vel
858 2794 976 2851 ballare
999 2795 1117 2853 bullire.
1154 2797 1275 2852 tertium
1290 2805 1376 2870 pere·

77 2901 133 2951 tora
156 2903 203 2952 est
224 2914 262 2951 ex
278 2902 430 2970 peremtum
453 2899 534 2971 quod
559 2897 660 2953 Latini
686 2897 879 2953 sublevarunt
905 2897 1005 2953 littera
1037 2897 1178 2966 insiticia,
1215 2898 1320 2954 Vmbri
1345 2899 1375 2954 in

69 3002 218 3070 perentam
233 3004 360 3072 peretum
383 2999 568 3071 redegerunt
589 3005 621 3053 ut
637 2998 678 3053 illi
694 2997 862 3072 λαμπτῆρα
886 2997 917 3052 in
940 2998 1105 3052 lanternam
1122 2999 1277 3067 laternam,
1301 2998 1376 3056 Osci

78 3099 249 3174 Pomptium
272 3099 303 3154 in
326 3097 476 3157 Pontium.
524 3098 633 3154 Paulus
662 3100 793 3172 pertarit,
817 3099 921 3154 adimit
941 3098 1019 3155 toltit
1049 3107 1080 3154 et
1102 3099 1211 3157 Festus
1228 3109 1375 3173 peremere

82 3198 197 3257 (lacius
218 3201 261 3256 ait
278 3198 450 3274 significare
470 3201 542 3256 idem
566 3201 646 3273 qaod
658 3199 823 3273 prohibere,
858 3206 890 3255 at
916 3198 982 3256 Cato
1007 3207 1067 3273 pro
1101 3201 1210 3256 vitiare
1237 3220 1305 3256 usas
1327 3207 1374 3268 est,

76 3309 110 3358 ut
132 3310 252 3358 taceam
273 3301 362 3358 ludos
385 3312 559 3376 peremptos
584 3310 615 3358 et
638 3301 839 3376 peremptalia
862 3301 987 3375 fulgura.
1027 3309 1165 3375 quartum
1177 3301 1319 3378 fraretum
1335 3320 1373 3357 ex

76 3403 179 3460 frauso
202 3420 261 3477 quo
284 3402 444 3477 participio
468 3401 592 3459 Plautus
616 3403 725 3470 utitur,
749 3403 812 3459 fere
838 3402 973 3458 medium
997 3409 1046 3458 est
1067 3403 1145 3458 inter
1168 3402 1323 3458 trudatum
1344 3411 1375 3458 et

76 3504 252 3562 frustratum
274 3505 331 3560 sed
354 3503 395 3559 illi
417 3505 548 3577 propius.
594 3505 804 3578 precationem
828 3504 1029 3578 Proserpinae
1063 3503 1301 3578 Hispaniensem
1332 3504 1375 3561 sic

75 3622 267 3662 correxeram
291 3605 319 3660 in
344 3603 535 3660 Fleckeiseni
559 3605 716 3661 annalibus
740 3601 780 3680 (a.
805 3605 885 3662 1863
905 3622 934 3677 p.
951 3602 1024 3678 777)
1048 3609 1073 3658 te
1095 3622 1169 3678 rogo
1193 3623 1241 3660 ora
1265 3603 1376 3661 obsecro

76 3707 123 3762 uti
141 3704 266 3762 vinata
287 3709 358 3778 quot
376 3704 451 3759 rae'lzz'
459 3704 547 3781 furti
558 3704 676 3782 factata
699 3711 752 3770 est,
783 3704 914 3778 quaqua·
940 3703 1014 3759 mitri
1033 3702 1203 3780 fraudavit
1233 3704 1377 3760 rovelavit

75 3808 204 3864 minusve
225 3804 311 3883 sece't,
346 3805 472 3863 alterum
508 3808 632 3862 verbum
663 3806 694 3861 in
726 3814 836 3880 ectypo
860 3812 971 3878 postea
993 3803 1177 3861 Huebnerus
1200 3805 1275 3878 legit
1298 3803 1373 3864 CIL.

73 3908 102 3966 ΙΙ
118 3909 190 3976 462,
212 3907 293 3981 prius
316 3925 379 3963 non
408 3907 527 3963 videtur
559 3909 695 3963 enodare
726 3900 882 3980 potuisse:
919 3905 1062 3960 r‘madaor't
1092 3905 1178 3978 quod
1211 3906 1376 3980 exscripsit

75 4026 184 4066 vereor
205 4027 245 4065 ne
268 4008 307 4065 sit
330 4009 369 4063 de
394 4008 497 4067 nihilo.
535 4018 706 4065 extremum
730 4010 839 4064 daetom
854 4006 1084 4081 praepositione
1102 4014 1226 4062 constat
1246 4007 1373 4063 eodem·

75 4129 136 4186 que
160 4127 221 4184 quo
236 4115 362 4183 peretora
395 4110 504 4178 verbo,
542 4111 593 4168 illa
625 4111 746 4184 integra
769 4107 859 4167 Oscis
891 4109 942 4164 alat
968 4109 1024 4164 sed
1058 4109 1089 4163 in
1116 4107 1289 4181 composito
1325 4108 1377 4161 da·

76 4212 212 4280 dikattea',
232 4211 348 4268 Latinis
373 4212 415 4275 de,
437 4212 572 4269 medium
594 4212 688 4286 igitur
709 4219 840 4268 tenuere
862 4209 978 4268 Vmbri.
1014 4208 1129 4283 optime
1156 4214 1262 4263 autern
1283 4207 1376 4264 finem

75 4312 150 4370 facit
171 4313 331 4368 verborum
353 4313 500 4387 quidquid
518 4315 612 4370 rrr'rzus
622 4310 748 4389 sactum
773 4319 819 4370 est.
859 4310 972 4367 deinde
997 4310 1099 4366 ar‘rseto
1132 4308 1323 4382 apertissime
1361 4327 1380 4364 a

75 4415 221 4472 videndo
254 4414 284 4469 in
307 4412 452 4487 Paeligno
476 4417 608 4474 carmine
632 4419 733 4480 ozaad
756 4435 829 4474 curn
850 4415 868 4470 d
887 4411 1036 4488 perfossa,
1067 4418 1101 4466 ut
1127 4408 1244 4464 numeri
1274 4407 1382 4462 decla-

74 4523 153 4582 rant,
185 4513 284 4589 priore
306 4515 422 4588 syllaba
442 4519 603 4591 producta,
643 4520 798 4589 conclusi
828 4518 910 4576 idem
932 4531 999 4571 esse
1023 4530 1059 4570 ac
1089 4511 1203 4566 viderat
1223 4518 1255 4562 et
1276 4515 1384 4568 teneo.

74 4615 197 4672 morbos
222 4614 301 4671 visos
324 4615 496 4694 invisosque
518 4630 550 4679 ut
573 4623 657 4691 deus
694 4627 924 4702 averruncaret
952 4613 1083 4672 Romani
1104 4613 1322 4683 precabantur,
1345 4605 1396 4668 τὰ

74 4711 178 4776 πάντα
201 4715 287 4771 divus
310 4715 419 4775 Paulus
442 4720 483 4778 ait
503 4719 541 4783 τὰ
562 4719 681 4816 ’ὁρατὰ
706 4728 775 4811 Καὶ
802 4726 848 4790 τὰ
868 4717 993 4797 ἀόρατα.

1168 4814 1201 4866 4*
