3742 5364
232 348 329 407 11u15
856 350 915 407 128

277 530 408 593 Huntia
439 530 536 592 katle
558 521 636 592 tisel
659 529 779 592 stakaz
805 541 859 593 est
952 535 1069 591 Hontia
1091 534 1183 590 catuli
1210 534 1326 592 dicatio
1350 540 1473 591 statuta
1496 541 1548 591 est

235 654 331 696 sume
352 631 457 695 ustite
478 630 481 713 l
505 639 767 692 antermenzaru
787 623 857 693 ser·
873 655 896 693 ro
910 652 1028 691 summa
1057 644 1244 710 tempestate
1276 629 1281 713 l
1306 637 1546 694 intermenstru-

337 841 374 899 15
409 837 526 894 Hunlr'a
549 836 699 893 ablativus
730 836 861 892 nominis
889 836 974 892 ducti
998 855 1016 892 a
1037 836 1098 891 deo
1126 837 1224 892 deave
1252 837 1300 893 cui
1327 836 1386 894 hoc
1412 855 1545 896 sacrum

235 941 298 997 fieri
321 941 407 996 vides
433 957 522 995 versu
548 939 588 996 20
603 945 633 992 et
651 939 690 996 34
714 946 747 993 ut
769 957 787 994 a
807 938 854 993 dis
870 938 1029 993 nominata
1046 945 1116 993 sunt
1136 937 1285 1013 Dionysia
1306 939 1366 997 Isia
1384 941 1544 1000 Lemuria.

234 1061 349 1116 genere
373 1041 519 1098 feminino
543 1039 600 1094 sed
623 1037 731 1112 plurali
754 1056 881 1094 numero
905 1039 1023 1095 dierum
1054 1038 1257 1114 feriarumque
1281 1040 1432 1098 vocabula
1455 1041 1544 1101 facta

235 1152 306 1199 sunt
335 1142 486 1199 kalendae
519 1156 621 1197 nonae
652 1140 808 1196 nundinae
833 1139 978 1203 Latinae,
1014 1139 1144 1196 sortasse
1171 1141 1202 1196 in
1231 1156 1305 1197 osca
1334 1141 1440 1216 templi
1470 1143 1544 1217 lege

237 1245 433 1301 Fiuusosiais.
477 1259 540 1297 nou
563 1248 645 1297 stata
668 1239 719 1296 illa
742 1257 829 1297 sacra
853 1241 946 1296 fuisse
968 1259 1069 1314 neque
1093 1242 1131 1297 ab
1156 1243 1318 1299 sacerdote
1337 1251 1458 1300 tantum
1481 1245 1544 1300 sed

237 1347 330 1402 etiam
353 1345 392 1401 ab
415 1344 480 1399 aliis
503 1359 562 1398 nec
584 1342 678 1397 semel
702 1342 732 1396 in
756 1358 837 1398 anno
854 1342 911 1398 sed
926 1342 1098 1397 identidem
1114 1359 1184 1397 esse
1205 1343 1360 1400 celebrata
1383 1352 1542 1418 sequente

234 1447 475 1521 praescriptione
498 1445 657 1499 docemur.
695 1444 843 1517 quoniam
866 1442 966 1499 Hrom
989 1460 1102 1499 nomen
1124 1444 1283 1501 consimile
1306 1454 1353 1502 est
1373 1445 1541 1503 verborum

234 1549 301 1605 loca
324 1548 420 1605 infera
437 1556 467 1603 et
483 1556 617 1621 stragem
633 1545 867 1620 significantium
889 1544 998 1599 hutzlro
1019 1544 1163 1600 hondomu
1181 1545 1289 1614 bondo,
1312 1547 1358 1603 vel
1374 1547 1538 1604 ‹lenicales

234 1650 385 1725 quasdam
419 1650 508 1705 ferias
534 1649 579 1703 vel
610 1647 810 1704 februarionis
840 1664 958 1702 sacrum
984 1647 1100 1703 narrari
1123 1647 1234 1720 opinor
1258 1666 1389 1722 eamque
1415 1648 1542 1723 opinio·

234 1770 305 1808 nem
326 1752 399 1825 ipsis
416 1752 521 1807 ritibus
537 1749 717 1807 confirmari.
744 1744 957 1822 κυνοσφαγὴς
973 1744 1032 1806 Θεὰ
1053 1747 1173 1804 Hecate
1188 1745 1350 1822 (Lycophr.
1377 1745 1443 1823 77),
1464 1750 1542 1807 talia

234 1870 321 1909 sacra
346 1852 487 1926 Sophron
510 1852 539 1907 in
564 1851 683 1924 magico
706 1850 798 1905 mimo
818 1850 1024 1922 descripserat
1040 1843 1147 1923 (schol.
1165 1846 1230 1922 in),
1252 1847 1391 1929 τῷ-κυνὶ
1411 1845 1541 1925 πάντες

233 1949 279 2026 ὡς
302 1949 380 2025 ἔπος
402 1947 501 2012 εἰπεῖν
522 1948 679 2024 Ἕλληνες
698 1946 839 2023 ἐχρῶντο
863 1945 915 2008 καὶ
937 1946 1077 2022 χρῶνταί
1095 1966 1131 2020 γε
1154 1946 1244 2024 μέχρι
1265 1949 1324 2010 νῦν
1346 1946 1426 2020 ἔνιοι
1449 1962 1541 2028 σφα-

216 2049 291 2132 ’γίῳ
313 2047 396 2126 πρὸς
419 2048 496 2126 τοὺς
519 2047 705 2126 καθαρμούς
729 2050 907 2106 Plutarchus
931 2052 973 2106 ait
996 2059 1114 2123 quaest.
1138 2068 1213 2107 rom.
1231 2053 1270 2110 68
1294 2053 1444 2127 additque
1467 2053 1537 2110 He·

233 2163 320 2210 eatae
343 2153 461 2210 catulos
485 2153 554 2208 ferri
577 2170 645 2208 cum
668 2152 777 2208 ceteris
801 2151 1019 2207 februamentis
1037 2159 1068 2206 et
1083 2169 1163 2225 quae
1185 2170 1239 2225 per
1255 2154 1388 2211 catulum
1408 2153 1464 2212 fiat
1483 2172 1541 2212 ex·

231 2255 399 2328 piationem
414 2254 569 2310 hominum
591 2247 886 2327 περισκυλακισμόν
908 2252 1018 2308 vocari.
1055 2252 1164 2309 Boeoti
1187 2254 1309 2327 publice
1326 2255 1542 2314 lustrabantur

232 2372 308 2411 cane
331 2355 465 2411 dissecta
488 2356 517 2410 in
540 2357 618 2411 duas
641 2364 754 2427 partes,
777 2353 856 2409 inter
871 2370 947 2432 quas
971 2353 1027 2426 ipsi
1048 2354 1201 2428 progressi
1225 2356 1354 2415 abirent.
1398 2357 1540 2417 Romani

232 2474 342 2513 canem
365 2456 508 2512 Genetae
531 2455 643 2512 Manae
678 2453 879 2510 immolabant
911 2472 966 2527 pro
1001 2471 1034 2508 se
1062 2455 1185 2528 suisque
1213 2466 1375 2529 precantes
1408 2475 1450 2514 ne
1479 2460 1538 2534 qui

231 2556 341 2614 Manes
367 2557 533 2612 existerent
550 2555 681 2613 familiae
698 2554 789 2625 (Plut.
803 2554 841 2612 ib.
855 2553 918 2626 52).
952 2573 1030 2610 cane
1047 2555 1156 2611 Fauno
1176 2555 1208 2612 fit
1220 2556 1440 2632 Lupercalibus
1463 2577 1540 2633 pur·

230 2657 362 2730 gationis
386 2675 480 2714 causa
504 2653 607 2736 ἐντῷ
631 2652 797 2735 καθαρσίῳ
821 2651 894 2729 μηνί
917 2653 1007 2728 (Plut.
1025 2657 1063 2715 ib.
1079 2658 1118 2715 68
1137 2664 1168 2712 et
1182 2650 1271 2734 111),
1298 2659 1382 2716 canis
1406 2658 1539 2718 adsidet

232 2759 476 2833 acceptissimum
499 2759 611 2814 animal
636 2738 763 2814 Laribus
786 2757 983 2832 praestitibus
1007 2759 1058 2830 qui
1083 2766 1113 2814 et
1137 2766 1260 2815 servant
1276 2759 1400 2815 domum
1424 2768 1458 2817 et
1472 2760 1538 2820 La·

231 2877 352 2916 ruarum
365 2832 470 2914 ‘modo
494 2859 632 2915 saeviunt
657 2852 800 2935 (Ovidius
824 2858 893 2914 fast.
911 2857 939 2912 V
957 2860 1013 2916 137
1039 2858 1220 2916 Plutarchus
1237 2877 1265 2932 q.
1279 2878 1352 2918 rom.
1365 2857 1429 2934 51),
1452 2863 1540 2919 mala

234 2960 351 3034 Robigo
374 2961 479 3016 viridis
500 2979 535 3015 ne
557 2965 669 3016 torreat
687 2958 801 3025 herbar,
824 2960 970 3033 sanguine
993 2960 1124 3015 lactentis
1147 2961 1240 3016 culzclz'
1250 2961 1434 3034 placatura!
1454 2965 1541 3021 extri*

231 3059 415 3137 (Columella
432 3061 546 3135 X342)
571 3078 649 3135 quae
673 3078 762 3117 saera
785 3077 880 3135 prope
904 3061 1035 3117 Romam
1052 3061 1099 3118 via
1116 3059 1245 3119 Claudia
1269 3081 1286 3119 a
1311 3063 1433 3120 flamine
1458 3062 1539 3135 Qui·

229 3165 315 3219 rinali
336 3172 510 3238 perpetrata
532 3161 658 3219 Ovidius
682 3162 845 3235 descripsit
877 3162 945 3221 fast.
974 3163 1016 3218 IV
1039 3164 1099 3221 905
1124 3180 1173 3230 ss,
1209 3164 1292 3219 unde
1321 3173 1353 3220 et
1384 3166 1539 3227 catularia

229 3273 319 3339 porta
343 3265 425 3320 urbis
448 3281 561 3320 nomen
583 3263 703 3338 accepit
736 3255 863 3339 (Paulus
885 3263 968 3319 Festi
993 3281 1021 3337 p.
1038 3257 1093 3341 45)
1124 3273 1155 3319 et
1189 3266 1349 3338 augurium
1372 3268 1538 3326 canarium

230 3367 345 3423 dictum
367 3366 486 3421 videtur
508 3366 538 3421 in
561 3364 788 3421 commentariis
811 3363 989 3437 pontificum
1013 3359 1141 3439 (Plinius
1153 3363 1260 3420 XVIII
1274 3362 1336 3441 14).
1369 3376 1539 3440 praeterea

229 3468 383 3540 agricolae
406 3467 429 3522 si
453 3466 537 3522 festis
562 3467 672 3522 diebus
696 3465 798 3521 lacere
821 3465 933 3521 vellent
963 3482 1042 3539 quae
1073 3484 1135 3522 non
1160 3467 1332 3536 debebant,
1357 3467 1540 3543 frequenter

229 3569 260 3624 id
285 3569 372 3626 nefas
396 3569 511 3643 piatum
539 3585 609 3624 esse
643 3567 727 3623 canis
761 3565 908 3622 sacrificio
942 3566 1121 3641 pontificum
1156 3569 1319 3641 religiones
1348 3571 1537 3637 testificatus

229 3669 398 3727 Columella
422 3670 524 3744 prodit
542 3669 637 3735 1122,
662 3668 742 3724 velut
766 3676 937 3723 sementem
956 3669 1169 3724 administrare
1193 3669 1274 3728 feriis
1291 3688 1354 3726 non
1369 3670 1453 3727 licuit
1472 3673 1538 3730 nisi

229 3771 308 3843 prius
332 3771 435 3828 catulo
460 3769 620 3838 iecissent,
645 3787 679 3824 oc
701 3788 735 3823 ne
758 3769 932 3824 vindemiam
957 3770 1072 3842 quidem
1096 3771 1165 3844 cogi
1175 3767 1273 3845 feriis
1296 3772 1373 3842 licet,
1397 3791 1448 3828 nec
1470 3792 1538 3831 oues
1585 3788 1589 3793 ·

228 3872 344 3927 tondere
366 3872 427 3928 nisi
440 3873 527 3944 proice
548 3872 643 3926 colrtlo
656 3866 778 3945 fecero.
816 3871 908 3926 etiam
932 3871 1019 3927 Plinii
1044 3879 1148 3928 aetate
1172 3873 1202 3928 in
1223 3872 1307 3929 cenis
1329 3874 1420 3928 deum
1444 3881 1535 3931 catu·

228 3972 288 4028 lina
312 3974 485 4046 ponebatur
507 3969 626 4047 (XXIX
649 3968 711 4046 58).
759 3989 820 4027 non
843 3980 909 4027 erat
932 3972 1022 4045 igitur
1044 3990 1096 4028 cur
1118 3990 1136 4058 a
1158 3973 1331 4047 longinquis
1355 3972 1533 4032 Thracibus

229 4074 400 4147 exemplum
424 4072 552 4130 Ovidius
579 4081 733 4148 repeteret
756 4073 824 4129 fast.
848 4073 941 4131 1389
977 4080 1047 4128 exto
1074 4093 1176 4130 conum
1205 4075 1269 4130 vidi
1292 4073 1410 4130 Trz'orbe
1432 4074 1535 4133 libare

230 4154 382 4248 Sapaeos
409 4176 483 4249 quid
506 4177 591 4250 quod
614 4176 772 4232 esitavisse
795 4175 953 4231 Romanos
976 4176 1055 4239 olim,
1079 4193 1169 4248 quem
1186 4178 1372 4233 admodum
1387 4176 1532 4237 Thraces

229 4276 413 4345 ferebantur,
437 4278 601 4334 catulinam
624 4294 748 4334 carnem
771 4294 808 4331 ex
831 4275 928 4332 Plauti
952 4275 1113 4333 Saturione
1137 4275 1261 4333 Verrius
1285 4288 1485 4352 cognoverat.

327 4397 404 4434 sume
426 4379 519 4438 uslz'le.
565 4387 685 4452 tempus
709 4378 860 4434 indicatur
882 4379 1023 4433 diurnum
1058 4396 1094 4441 ac
1116 4386 1302 4434 menstruum
1325 4378 1534 4452 quoHontia
1586 4362 1591 4371 Ι

229 4478 375 4535 celebrari
400 4480 572 4538 conveniat.
609 4480 695 4534 uslz'lo
719 4479 764 4535 vel
788 4480 901 4534 ustz'lom
919 4480 1003 4553 quod
1019 4496 1132 4535 nornen
1151 4480 1241 4536 locali
1257 4497 1328 4537 casu
1345 4496 1534 4554 expressum

229 4587 285 4647 est,
309 4589 380 4654 apte
404 4580 484 4635 coire
508 4580 688 4652 scripseram
711 4597 779 4635 cum
803 4586 915 4634 ostentu
938 4585 1028 4634 rosletu
1052 4580 1143 4635 verbo
1168 4580 1272 4654 itaque
1288 4580 1335 4636 vel
1360 4580 1443 4637 diem
1466 4582 1533 4659 sig-

228 4680 350 4737 nificare
373 4699 477 4756 posse,
500 4681 525 4737 si
547 4674 653 4736 ierrios
678 4691 795 4755 partem
828 4681 941 4736 mensis
965 4689 998 4736 ut
1017 4681 1170 4738 nundinas
1194 4681 1371 4761 aclongius
1394 4683 1534 4757 spatium
