3742 5364
227 335 324 397 Val2
857 335 900 395 40

230 539 318 583 acnu
332 514 396 581 ves
406 515 444 578 X
464 515 623 579 cabriner
637 513 700 578 vef
710 515 753 589 V,
777 535 854 597 pre·
906 530 1009 595 partes
1026 521 1063 589 X,
1088 521 1203 596 caprini
1218 529 1323 596 partes
1336 521 1375 598 V,
1401 517 1538 602 priores!

229 618 408 702 11611000
430 615 664 697 postrafahe,
696 626 731 678 et
753 607 855 680 sesua
906 629 1022 690 tuccas,
1037 622 1224 696 posteriores
1241 623 1410 692 0011160163,
1433 633 1465 682 61
1481 643 1535 682 ce·

231 729 289 783 ote
304 741 334 782 a.
347 717 408 780 VI.
497 715 744 780 Casilosdirsa
763 717 854 779 herti
904 739 976 780 nam
990 730 1044 779 aut
1060 723 1147 782 aVI.
1234 723 1352 782 Casilas
1368 726 1424 782 det
1440 743 1535 800 opor·

229 820 358 883 fratrus
378 824 382 898 l
402 817 555 881 Atiersir
576 817 670 898 posti
693 838 782 880 acnu
805 816 855 879 fa·
905 831 950 880 161
984 823 1124 882 iratribus
1154 819 1159 903 Ι
1184 825 1315 883 Atiediis
1352 827 1383 884 in
1417 828 1535 901 agonia

230 942 287 985 rer
314 928 437 1002 opeter
468 939 502 1002 p.
527 918 579 981 VI
613 938 699 1000 agre
723 917 855 982 Casiler
906 924 990 982 farris
1027 926 1100 982 boni
1131 944 1161 1000 p.
1184 925 1227 982 VI
1261 927 1326 1002 agri
1354 924 1448 984 Casili
1481 927 1535 984 Pi·

229 1023 370 1104 Piquier
395 1024 405 1096 1
426 1019 571 1083 Μ611161
593 1027 629 1083 61
657 1013 761 1082 sesua
790 1020 946 1083 110-11011
980 1022 990 1095 1
1018 1025 1120 1084 Martii
1151 1034 1184 1084 et
1218 1045 1326 1085 cenam
1358 1027 1534 1087 hominibus

230 1224 306 1288 illos'
329 1228 452 1304 proprie
475 1227 544 1285 luit:
580 1226 662 1301 prior
683 1226 730 1283 his
753 1234 785 1282 et
806 1225 872 1286 illis.
915 1229 1121 1287 memorabilis
1145 1229 1221 1287 labri
1243 1232 1399 1306 errorqui
1431 1232 1534 1307 primo

224 1337 312 1406 prela
332 1330 535 1404 insculpserat
556 1346 626 1385 cum
648 1326 816 1384 haesitaret
839 1328 942 1402 lingua
963 1329 994 1384 in
1016 1330 1139 1403 gemina
1163 1346 1195 1386 r:
1218 1348 1329 1406 graece
1352 1327 1536 1407 δρύφακτοι

230 1452 286 1509 pro
308 1427 535 1508 δρυῳράκτοις,
559 1429 652 1486 1611116
668 1429 872 1502 praestrigiae
888 1430 1070 1504 proesligiae
1093 1428 1177 1503 (ann.
1192 1430 1382 1489 Fleckeiseni
1404 1449 1431 1492 a.
1449 1435 1535 1492 1872

230 1553 261 1609 p.
286 1530 372 1607 109).

331 1650 420 1690 versu
444 1633 482 1691 13
506 1636 565 1686 loco
595 1629 659 1686 sine
682 1628 776 1686 dubio
801 1629 1001 1704 aequiperant
1031 1637 1135 1698 luccas,
1171 1650 1279 1690 carnes
1302 1635 1366 1692 sale
1388 1635 1536 1693 conditas

231 1743 263 1793 et
285 1735 454 1799 induratas
483 1733 566 1788 unde
589 1736 690 1791 lucela.
735 1730 844 1787 nullius
866 1738 969 1787 autem
994 1733 1092 1789 caruis
1116 1750 1209 1807 quam
1232 1734 1337 1792 suillae
1360 1737 1461 1793 notior
1484 1745 1536 1793 est

231 1838 358 1904 salsura,
378 1838 411 1893 id
430 1850 524 1907 pecus
547 1832 643 1890 Varro
667 1831 771 1889 scribit
794 1832 834 1887 de
856 1833 873 1891 l.
898 1832 916 1891 1.
938 1831 968 1888 V
992 1836 1052 1891 110
1074 1834 1203 1908 primum
1225 1836 1370 1893 occidere
1391 1837 1535 1912 coepisse

232 1938 373 1995 dominos
396 1946 428 1994 et
459 1944 492 1993 ut
513 1944 669 1993 servarent
702 1934 818 1992 sallere.
863 1933 1046 2008 glossarium
1067 1935 1228 1993 Philoxeni
1262 1943 1344 1994 lucca
1365 1934 1535 2011 κατάχυμα

231 2038 348 2114 Ζωμοῦ.
394 2036 560 2095 scholiasta
583 2035 677 2092 Persii
703 2039 732 2105 2,
754 2038 794 2094 42
824 2041 916 2092 lucela
938 2038 1019 2110 opud
1045 2036 1151 2093 Gallos
1173 2038 1331 2111 cisalpinos
1354 2037 1463 2095 bubula
1487 2040 1535 2095 di·

232 2141 309 2196 citur
330 2158 398 2195 caro
430 2139 611 2195 condimentis
644 2137 814 2210 quibusdam
847 2139 955 2193 crassis
977 2135 1067 2194 oblito
1091 2157 1126 2194 oc
1150 2145 1307 2205 macerata,
1342 2146 1368 2196 el
1394 2141 1456 2196 ideo
1478 2146 1536 2197 loto

234 2260 313 2297 anno
336 2242 433 2297 durat.
462 2241 535 2296 solet
554 2241 638 2296 eliam
657 2240 787 2312 porcina
810 2240 902 2295 eodem
923 2257 1030 2312 genere
1051 2240 1167 2295 condila
1188 2241 1312 2298 servari.
1347 2247 1401 2297 aul
1420 2247 1499 2297 assai
1522 2271 1535 2283 ·

232 2361 336 2399 rarum
360 2343 439 2400 iura.
483 2341 551 2397 linc
575 2339 691 2395 Plotius
721 2339 847 2413 Virgilii
866 2340 976 2395 arnz'cus
998 2340 1028 2394 in
1052 2341 1147 2396 eodem
1169 2342 1288 2415 regione
1310 2347 1351 2397 erl
1370 2343 1537 2399 nominatus

235 2442 349 2502 Tucela.
380 2443 412 2499 iu
435 2442 480 2498 his
496 2439 624 2498 confusa
645 2447 716 2496 suut
738 2448 827 2496 tucca
849 2446 881 2496 et
903 2448 1016 2508 tuceta,
1038 2441 1080 2496 ad
1102 2441 1184 2499 illam
1203 2443 1298 2516 prima
1320 2452 1352 2500 et
1375 2453 1534 2518 postrema

232 2553 385 2620 spectant,
419 2544 460 2600 ad
493 2542 570 2599 haec
604 2541 1538 2616 66(11166611Αο10161113111127133.6111611116111011111111

231 2653 399 2703 saturarum
421 2645 501 2710 z'ura,
524 2645 565 2700 de
588 2642 689 2699 Plotio
712 2642 819 2700 Tucca
846 2643 930 2699 idem
950 2642 1103 2701 Iohannes
1127 2645 1231 2719 Lydus
1255 2646 1382 2703 tradidit
1404 2648 1443 2702 de
1465 2664 1534 2703 ma-

232 2746 425 2822 31311123.
473 2745 557 2820 apud
580 2744 743 2819 Apuleium
779 2752 851 2802 met.
874 2743 917 2800 IX
942 2746 979 2802 22
1015 2746 1045 2800 in
1078 2763 1188 2803 cenam
1211 2747 1351 2804 saliatem
1373 2748 1534 2823 pulmenta

232 2849 368 2906 recentia
401 2847 511 2904 tucetis
544 2854 761 2921 temperantur.
806 2845 892 2920 plura
915 2846 956 2902 de
982 2845 1041 2902 hoc
1063 2848 1261 2921 pulpamento
1287 2847 1411 2905 Iahnius
1435 2848 1533 2905 Persii
1633 2900 1635 2905 ,

231 2971 260 3026 p.
286 2953 345 3009 129
380 2957 411 3004 61
432 2948 663 3005 Hildebranrlus
687 2947 797 3021 Apulei
830 2965 858 3021 p.
878 2948 919 3005 90
952 2943 1114 3021 (611117)
1147 2949 1351 3023 disputarunt.
1396 2949 1531 3006 Feltriae

232 3052 375 3108 Veturius
397 3049 504 3125 Nepos
527 3049 654 3106 donavit
676 3049 807 3122 collegio
830 3048 992 3123 pecuniam
1011 3056 1045 3104 ut
1066 3057 1138 3123 post
1160 3058 1289 3106 mortem
1312 3052 1369 3108 sibi
1393 3051 1533 3107 iacerent

231 3153 345 3211 natalia
368 3145 463 3228 lur(e)
485 3147 600 3227 luc(ca)
624 3145 728 3225 oriz(o)
752 3147 828 3207 CIL.
851 3147 880 3203 V
903 3150 994 3208 2072.
1050 3155 1141 3205 laxeo
1163 3151 1270 3224 gallice
1294 3159 1436 3208 vocatum
1460 3168 1532 3206 esse

232 3255 361 3312 laridum
384 3253 477 3309 fertur
499 3251 584 3325 apud
606 3249 758 3306 Isidorum
780 3249 854 3322 orig.
878 3249 937 3305 XX
956 3252 984 3316 1,
998 3251 1037 3307 24
1060 3250 1111 3323 qui
1133 3250 1280 3324 adposuit
1301 3252 1417 3309 Afranii
1440 3251 1534 3307 versi-

231 3356 333 3413 culum
355 3349 488 3410 ‘Gallum
510 3361 653 3426 sagatum
675 3350 779 3425 pingui
800 3358 924 3424 pastum
946 3344 1056 3418 taxea’,
1082 3351 1159 3409 hacc
1192 3354 1324 3409 eandem
1346 3371 1438 3428 quam
1473 3358 1535 3409 loco

231 3464 312 3514 lucca
334 3454 510 3528 manifestat
534 3453 691 3528 originem.
734 3451 847 3509 mansit
869 3450 1016 3526 Hispanis
1039 3453 1133 3508 lacerto
1155 3445 1246 3531 (Diez
1274 3454 1362 3511 lexici
1383 3455 1473 3513 Rom.
1496 3455 1532 3512 ΙΙ

231 3577 260 3634 p.
286 3550 392 3635 185⁴).

331 3658 471 3734 caprinas
503 3664 606 3731 partes
630 3655 704 3712 dare
727 3653 835 3711 iratres
859 3655 975 3711 debent
988 3653 1067 3733 salte
1090 3656 1174 3729 quod
1207 3655 1280 3712 item
1313 3674 1426 3713 nomen
1457 3657 1532 3714 mihi

231 3760 351 3817 videtur
373 3756 483 3836 sines
498 3757 614 3815 casuali
644 3756 798 3831 scriptum,
836 3757 953 3814 dictum
984 3757 1114 3813 sortasse
1138 3775 1156 3812 a
1179 3756 1295 3814 factura
1329 3759 1466 3815 similiter
1489 3777 1528 3816 ac

231 3860 324 3917 vehes
348 3879 366 3917 a
389 3868 521 3918 vectura.
557 3858 665 3938 facere
679 3857 754 3932 fieri
784 3859 814 3914 in
837 3876 869 3914 16
892 3859 1048 3927 0011116116,
1079 3859 1110 3914 in
1133 3860 1369 3933 praeparatione
1393 3860 1531 3917 ciborum

231 3963 329 4018 omnis
361 3970 448 4019 aetas
472 3961 690 4035 frequentavit:
723 3979 803 4033 quem
825 3961 914 4016 vullis
947 3961 978 4015 in
1002 3978 1098 4016 cenam
1120 3961 1214 4016 statim
1231 3959 1327 4034 fieri?
1349 3968 1440 4036 rogat
1462 3960 1531 4018 Tri-

232 4062 364 4119 malchio
387 4080 457 4118 cum
480 4070 541 4118 tres
565 4078 636 4118 sues
659 4062 792 4118 convivis
815 4061 1006 4118 ostendisset
1029 4055 1203 4138 (Petronius
1227 4070 1284 4120 sat.
1301 4057 1366 4139 47),
1389 4069 1535 4118 noverunt

233 4182 325 4220 omnes
353 4165 496 4237 pistorum
520 4164 616 4219 dulcia
640 4159 742 4238 socia,
776 4168 921 4220 noverunt
953 4163 1041 4218 mulli
1061 4164 1194 4219 crudelia
1217 4161 1307 4240 socia
1337 4182 1467 4220 cocorum
1491 4181 1531 4220 611

231 4265 432 4339 ambiguitate
455 4273 584 4339 captans
606 4265 704 4321 lusum
726 4264 832 4339 Vespa
854 4258 932 4340 (AL.
959 4265 1029 4332 199,
1053 4265 1117 4335 50).
1161 4263 1307 4338 intellego
1335 4265 1427 4339 igitur
1449 4283 1530 4340 quae

231 4367 341 4423 lucetis
364 4365 511 4441 Apuleius
535 4366 687 4423 commisit
718 4367 855 4424 recentia
877 4365 1018 4441 opsonia.
1064 4366 1217 4421 Arnobius
1240 4365 1299 4422 VII
1323 4368 1361 4425 25
1387 4368 1529 4442 opiparas

232 4467 360 4523 deorum
389 4468 486 4541 dapes
508 4468 611 4524 ridens
635 4468 718 4541 cupit
741 4468 861 4524 discere
884 4466 960 4541 quid
979 4484 1041 4521 cum
1066 4465 1203 4538 pultibus
1223 4468 1272 4522 deo
1295 4466 1342 4535 sil,
1377 4469 1449 4541 quid
1467 4486 1529 4524 curn

232 4567 311 4637 libri,
344 4570 418 4642 quid
438 4570 561 4625 dz'versis
593 4588 654 4625 cum
677 4565 818 4644 sortibus
839 4568 1022 4647 consectionis
1055 4569 1119 4623 iure
1141 4568 1302 4640 multiplici
1321 4572 1405 4641 alque
1425 4568 1531 4640 tripen-

230 4687 331 4725 rarum
354 4669 495 4725 vari'elate
517 4669 643 4727 condilrl.
688 4669 718 4725 in
743 4669 831 4725 titulo
855 4668 920 4725 Ceo
944 4667 1024 4725 CIG.
1049 4670 1132 4727 2360
1159 4686 1229 4725 cum
1253 4685 1361 4725 carnes
1392 4667 1530 4726 sacrificii
