3742 5364
691 352 750 410 135
1282 350 1380 411 nsit

78 528 127 592 sia
148 536 296 611 pedume
329 529 539 612 persnihmu.
586 531 701 593 katles
753 551 818 591 sam
840 534 1021 609 supplicato.
1067 536 1159 593 catuli
1180 538 1243 594 duo
1267 530 1382 613 tetra}

77 642 160 694 tuva
175 630 273 714 testa,
284 631 288 714 Ι
301 631 383 694 terti
399 651 480 693 erus
499 633 700 711 prusekatu.
716 636 877 696 intertium
905 653 975 692 erus
1001 644 1175 710 prosecato.
1219 637 1292 694 item
1315 655 1380 695 cre·

76 733 357 795 isuntkrematru
369 733 547 812 prusektu.
571 727 703 795 struhs·
754 743 869 792 matros
899 745 1074 811 prosecato.
1118 738 1298 796 struiculam
1322 731 1327 815 l
1347 739 1378 795 fi-

75 835 110 895 la
129 833 134 917 l
153 833 238 896 fikla
265 835 414 897 adveitu.
458 834 558 896 katlu
585 845 703 914 purtu·
755 838 850 895 tiliam
883 838 1008 897 adicito.
1059 838 1192 894 catulum
1224 841 1380 913 porricito,

75 934 162 1007 vitu,
194 935 354 1016 ampertia
375 934 590 1015 persnihmu‚
625 955 702 997 ase·
754 955 814 1012 qua
851 955 906 1012 pes
940 937 1044 996 deficit
1084 939 1273 1014 supplicatu,
1318 957 1380 996 non

76 1030 154 1099 seta
168 1034 300 1108 lkarne
320 1035 530 1116 persnihmu,
554 1053 701 1115 venper-
715 1054 741 1093 ao
755 1048 840 1096 secta
865 1035 875 1107 l
898 1057 989 1097 came
1022 1039 1206 1114 supplicato,
1242 1059 1380 1116 vernper·

76 1145 196 1198 suntra
225 1136 434 1215 persnihmu.
479 1155 568 1215 supa
602 1155 702 1215 span·
755 1148 860 1198 sontra
896 1140 1077 1216 supplicato.
1135 1157 1234 1215 suppa
1270 1141 1380 1200 latera-

76 1247 135 1300 tea
161 1239 356 1319 lpertentu.
399 1236 540 1299 veskles
567 1235 704 1298 vufetes
756 1242 794 1299 lia
815 1234 819 1318 l
840 1242 1027 1316 protendito.
1067 1241 1197 1298 vasculis
1219 1259 1380 1300 consecra-

76 1445 289 1513 adoleverant,
313 1445 344 1500 in
368 1461 441 1501 osca
465 1444 571 1518 templi
595 1444 663 1518 lege
685 1444 816 1499 saahtum
839 1441 961 1519 teforom
981 1439 1070 1518 ἱερὸν
1094 1439 1291 1518 κατάκαυμα.
1328 1444 1377 1502 hic

77 1563 159 1620 quae
183 1547 372 1602 desecantur
395 1545 550 1601 catulinae
574 1543 671 1601 frusta
694 1554 726 1601 ut
743 1545 804 1619 igni
821 1545 983 1601 commissa
999 1545 1064 1601 sine
1088 1563 1174 1603 mora
1196 1548 1227 1602 in
1243 1547 1378 1603 cinerem

78 1648 205 1713 abeant,
228 1643 308 1721 tesra
334 1646 530 1703 nominantur
545 1654 577 1701 et
594 1645 802 1719 distinguntur
817 1664 836 1701 a
852 1646 936 1701 dono
953 1646 1056 1719 opimo
1073 1647 1159 1719 quod
1182 1666 1254 1704 arae
1276 1648 1378 1722 ignem

76 1747 159 1803 subit
182 1763 360 1821 supremum
382 1765 457 1804 erus.
495 1747 581 1818 origo
608 1763 733 1819 compar
754 1746 873 1818 graecis
889 1746 1062 1802 nominibus
1078 1743 1201 1821 τεφρόν
1218 1758 1249 1804 et
1264 1746 1378 1823 τέφρα.

74 1849 108 1903 in
129 1849 270 1923 proximo
293 1865 382 1905 versu
406 1848 491 1922 quod
514 1848 663 1920 scripturn
686 1855 734 1903 est
755 1847 913 1920 prusektu,
949 1847 1144 1921 aprus-etam
1167 1867 1206 1904 ea
1230 1851 1378 1906 varietate

75 1950 175 2006 distat
208 1967 269 2024 qua
301 1955 404 2005 sectum
428 1967 447 2005 a
468 1954 573 2012 secato,
607 1947 696 2004 lavato
718 1965 736 2002 a
760 1946 870 2003 lavato.
915 1964 1020 2004 verum
1049 1962 1112 2003 non
1144 1948 1325 2007 inveteravit
1347 1952 1379 2007 in

76 2051 216 2107 umbrico
240 2067 382 2106 sermone
406 2049 527 2105 brevior
550 2048 660 2121 forma,
690 2065 771 2121 quae
795 2048 820 2104 si
842 2050 1035 2123 pervenisset
1057 2049 1098 2104 ad
1122 2047 1337 2119 stabilitatem,
1360 2051 1378 2107 k

74 2160 198 2208 mutata
221 2151 300 2208 foret
321 2151 351 2206 in
375 2150 402 2209 h.

180 2254 220 2311 30
241 2258 360 2326 spantia
386 2252 574 2307 adiectivum
598 2249 714 2307 sactum
737 2267 755 2305 a
778 2250 904 2307 nomine
928 2251 1014 2324 quod
1043 2250 1280 2312 11133s.1V2
1305 2251 1379 2327 legi·

71 2371 146 2410 mus
167 2354 273 2426 spantr'.
319 2354 407 2409 deest
429 2353 464 2408 id
488 2351 583 2408 latino
606 2369 781 2427 graecoque
805 2351 954 2417 sermoni,
978 2352 1038 2408 alio
1063 2353 1171 2410 saltem
1198 2355 1379 2411 translatum

73 2465 126 2512 est
149 2460 243 2528 sponte
265 2455 326 2510 iam
350 2454 527 2527 antiquitus
551 2462 716 2526 cognatam
732 2461 836 2510 tamen
850 2455 986 2527 spondam
1007 2454 1116 2528 opinor
1139 2471 1219 2527 quae
1242 2456 1377 2511 exterior

74 2565 129 2612 est
151 2557 221 2612 lecti
243 2574 324 2630 pars,
349 2555 449 2629 parics
473 2554 691 2611 contabulatus
714 2554 856 2612 culcitam
878 2563 1042 2629 torumque
1065 2554 1235 2614 includens.
1271 2555 1378 2612 Vmbri

72 2659 123 2713 ita
146 2657 318 2731 appellasse
343 2657 485 2712 videntur
507 2655 664 2731 spatiosae
687 2657 730 2711 rei
749 2672 786 2711 ac
800 2674 855 2730 per
879 2664 1010 2712 tractum
1033 2657 1190 2729 quendam
1213 2658 1378 2714 ductumve

73 2757 212 2832 patentis
236 2758 412 2830 regionem,
436 2757 589 2812 diversum
612 2755 650 2810 ab
679 2755 787 2812 anticis
821 2757 947 2830 posticis
967 2747 1010 2812 'et
1036 2757 1139 2830 pronis
1168 2758 1284 2832 supinis
1308 2775 1377 2832 spa-

75 2859 167 2925 tium,
192 2849 300 2933 plagas
319 2859 365 2914 vel
389 2857 494 2915 latera.
533 2857 562 2912 in
586 2856 641 2912 illis
664 2855 775 2912 tabulis
798 2858 839 2911 ad
861 2857 994 2930 spantim
1011 2858 1075 2912 duo
1099 2857 1196 2914 frusta
1219 2859 1283 2914 ovis
1305 2875 1376 2933 pro·

77 2970 243 3029 secantur,
267 2961 308 3016 ad
330 2938 458 3016 alteram
481 2958 615 3033 spantim
639 2957 713 3013 item
736 2958 817 3025 dun,
840 2959 883 3012 ad
906 2957 1029 3015 tertiam
1052 2959 1123 3014 tria:
1159 2967 1213 3016 aut
1236 2976 1309 3014 arae
1333 2961 1378 3016 di·

80 3071 194 3119 cuntur
224 3062 280 3118 tria
303 3061 399 3117 latera
422 3068 554 3134 excepta
578 3059 689 3125 fronte,
721 3067 793 3114 ante
817 3075 909 3132 quam
931 3061 1079 3115 sacerdos
1106 3060 1209 3117 stabat
1232 3077 1301 3116 cum
1323 3061 1378 3116 im-

76 3162 207 3219 molavit
222 3179 312 3219 ovem
328 3162 401 3218 Iove
417 3170 448 3217 et
464 3160 602 3217 Pomono
627 3159 790 3225 invocatis,
810 3168 863 3216 aut
886 3160 980 3235 ipsius
997 3160 1072 3217 ovis.
1109 3159 1158 3217 hic
1179 3166 1299 3233 spontea
1315 3180 1376 3218 non

75 3273 211 3339 possunt
233 3282 302 3321 esse
325 3263 464 3320 animalis
487 3271 521 3319 ut
542 3270 625 3335 supa,
647 3279 719 3317 nam
742 3261 773 3317 in
788 3280 815 3320 v.
829 3263 868 3320 32
893 3261 952 3318 hoc
971 3262 1099 3318 iteratur
1121 3263 1229 3321 solum.
1259 3272 1291 3318 et
1305 3271 1377 3337 per·

74 3370 159 3421 tantu
180 3366 231 3422 ubi
254 3367 363 3440 legitur
395 3364 439 3420 IV
455 3367 483 3432 8,
518 3365 559 3420 ibi
587 3380 649 3419 non
683 3364 774 3419 deest
802 3363 862 3420 loci
889 3381 926 3420 ac
951 3362 1018 3419 finis
1041 3361 1222 3436 significatio
1249 3367 1377 3423 mamad.

77 3484 157 3540 ergo
179 3484 239 3524 una
262 3464 539 3540 comprehensione
561 3464 804 3538 complectemur
826 3471 945 3540 spantia
965 3470 1101 3537 pertenta
1132 3472 1277 3538 tanquam
1301 3482 1376 3521 con·

76 3568 172 3625 traria
197 3569 252 3624 illis
270 3573 379 3640 pastro
396 3573 508 3640 persta,
533 3567 718 3640 accipiemus
742 3561 861 3637 πλάγια
884 3566 1015 3640 obliqua.
1054 3582 1152 3639 suppa
1174 3566 1265 3639 igitur
1287 3567 1380 3623 catuli

78 3685 160 3743 quae
184 3677 309 3742 ceperat
333 3668 445 3724 flamen
468 3685 557 3724 versu
581 3669 619 3724 22
653 3668 714 3724 iam
747 3685 820 3724 arae
842 3668 1038 3724 committens
1060 3668 1092 3722 in
1118 3666 1197 3723 latus
1220 3667 1286 3722 eius
1310 3685 1380 3742 pro-

79 3749 191 3837 tendit,
214 3771 275 3826 deo
299 3770 388 3826 offert
412 3779 557 3844 porrecta
579 3769 610 3824 in
636 3777 851 3826 transversum.
885 3773 1021 3842 pertenta
1044 3769 1157 3824 eodem
1181 3768 1273 3823 verbo
1297 3786 1380 3826 com·

79 3871 215 3944 positum
238 3889 299 3944 quo
323 3875 435 3926 ustentu
461 3876 576 3926 sutentu
605 3876 739 3938 antentu,
774 3870 805 3926 in
832 3869 1003 3944 significatu
1026 3868 1182 3944 paululum
1206 3869 1340 3926 discedit
1362 3889 1380 3926 a

80 3970 177 4026 latino
199 3971 375 4044 pertendite,
407 3969 479 4026 nihil
514 3987 532 4025 a
568 3967 760 4029 διατεινέτω.
814 3987 883 4026 cum
913 3969 979 4024 eius
1009 3977 1117 4025 natura
1141 3970 1225 4026 verbi
1248 3969 1326 4027 ferat
1347 3982 1381 4028 ut

82 4078 224 4146 quartum
245 4089 351 4128 casum
373 4082 476 4145 regat,
506 4073 622 4128 mireris
647 4074 731 4146 quod
754 4070 887 4128 ablativo
915 4072 1053 4127 iunctum
1080 4080 1128 4127 est
1150 4070 1194 4127 IV
1218 4073 1236 4130 8
1268 4071 1381 4129 karnus

79 4180 164 4245 rupes
184 4190 267 4227 sanes
283 4178 418 4246 pertenta
435 4173 597 4246 persm'mu.
622 4174 680 4229 sed
702 4173 784 4229 enim
808 4172 950 4246 analogia
973 4180 1005 4228 et
1021 4174 1244 4246 consequentia
1266 4173 1381 4231 ibi'va·

81 4275 138 4331 luit
159 4274 289 4348 vicitque
308 4274 457 4347 persnrinu
481 4274 574 4340 verbi,
598 4273 670 4347 quia
685 4290 778 4348 super
792 4291 876 4330 aram
890 4274 1089 4348 porrigebant
1111 4291 1236 4330 carnem
1255 4275 1378 4349 deoque

80 4376 282 4449 apponebant
298 4375 506 4431 venerationis
523 4392 626 4433 causa.
663 4374 711 4430 hic
734 4375 807 4431 item
822 4383 895 4448 supa
917 4383 1021 4448 potest
1036 4375 1122 4432 credi
1138 4376 1270 4432 ablativo
1286 4377 1380 4452 scrip·

80 4486 148 4533 tum
170 4494 225 4549 pro
246 4484 319 4550 supa
340 4476 443 4543 tarne,
467 4494 558 4533 nemo
581 4484 685 4532 autern
699 4495 725 4534 v.
742 4477 781 4534 32
795 4484 826 4531 et
842 4478 880 4533 22
904 4477 1071 4552 respiciens
1087 4494 1151 4532 non
1173 4477 1268 4534 malet
1289 4495 1379 4536 accu-

80 4576 215 4634 sativum
238 4594 343 4633 casum
366 4586 397 4632 et
417 4595 515 4651 genus
539 4585 678 4633 neutrum
701 4583 845 4634 statuere.
890 4586 1075 4653 postquam
1098 4595 1197 4652 suppa
1220 4580 1381 4654 proposita

81 4686 166 4746 sunt,
192 4679 320 4735 vasculis
343 4679 437 4736 sacris
458 4679 583 4752 pictatis
606 4677 705 4733 honos
728 4685 904 4751 praestatur
922 4697 959 4736 ac
974 4690 1131 4756 postremo
1153 4678 1238 4738 haec
1259 4684 1324 4755 ipsa
1340 4681 1384 4735 in·
