3742 5364
745 355 784 412 49
1302 350 1413 413 vlam

113 534 305 614 presoliaie
326 533 486 616 Nurpier,
514 531 744 614 vasirslome,l
792 537 962 613 praesolias
999 538 1105 614 Nurpii
1150 541 1191 598 ad
1234 532 1420 616 vasirsluml

116 637 314 710 smursime,
359 644 505 698 tettome
548 632 741 706 Miletinar‚
794 641 836 698 ad
860 640 999 697 smursim
1021 641 1063 696 ad
1084 641 1246 699 delubrum
1260 641 1418 699 Miletinae

81 778 84 783 ·
115 737 277 799 tertiame
296 756 403 818 praco
424 744 661 818 pracatarum;
682 756 742 797 va·
793 742 836 797 ad
857 743 978 800 tertiam
1000 760 1127 817 pracum
1148 752 1350 818 pracatarum,
1380 743 1419 800 ab

114 846 277 918 persusto
307 837 448 901 avieclir
470 856 629 899 carsome
649 835 653 918 Ι
673 836 742 899 Ve·
794 841 877 898 sellis
911 842 1118 916 auguralibus
1139 844 1181 901 ad
1211 843 1316 902 fanum
1335 837 1340 921 Ι
1358 843 1420 900 Ve-

116 939 241 1013 stisier,
257 941 423 1002 randeme
436 937 576 1010 Rufrer,
595 945 743 1000 tettome
794 942 872 999 sticii
884 943 926 1000 ad
948 943 1075 1000 tandem
1088 943 1175 1000 Rufri
1197 945 1239 1002 ad
1259 945 1419 1003 delubrum

116 1040 259 1112 Noniar,
279 1043 423 1102 tettoine
437 1036 560 1111 Salier,
584 1053 743 1113 carsome
794 1043 914 1101 Noniae
937 1044 978 1100 ad
998 1044 1158 1101 delubrum
1170 1042 1242 1102 Salii
1258 1046 1299 1102 ad
1315 1045 1420 1102 fanum

116 1138 239 1219 Hoier,
260 1148 420 1220 pertome
438 1139 611 1203 Padellar.
632 1139 868 1212 lhon·1sHoii
902 1147 943 1202 ad
981 1145 1082 1202 ianum
1115 1145 1260 1206 Patellae.
1297 1142 1307 1215 l
1340 1146 1421 1203 infra

118 1241 184 1302 dra
207 1249 282 1303 esto
313 1241 449 1314 tuder0,
484 1237 603 1320 porsei
637 1240 744 1301 subra
794 1245 870 1302 istos
894 1245 969 1303 fines
1005 1246 1056 1321 qui
1090 1245 1305 1321 suprascripti
1339 1255 1420 1318 sunt,

117 1340 288 1404 screihtor
332 1346 423 1415 s'ent,
467 1338 570 1423 parfa
607 1341 743 1412 dersva,
794 1363 915 1421 parram
941 1364 1130 1423 prosperam,
1163 1348 1316 1405 cornicem
1349 1366 1420 1423 pro·

117 1461 268 1505 curnaco
306 1443 433 1505 dersva
469 1441 585 1503 seritu.
637 1442 744 1503 subra
795 1465 916 1523 speram
948 1457 1079 1510 servato.
1112 1465 1205 1522 supra
1225 1448 1300 1506 istos
1321 1444 1325 1525 l
1345 1448 1420 1506 fines

118 1554 197 1607 esto
217 1553 221 1622 Ι
240 1543 744 1626 tuderopeicomerst0‚peiea
795 1549 897 1624 picum
938 1549 1135 1624 legittimum,
1173 1550 1274 1624 picam
1312 1551 1420 1625 legitu-

117 1657 251 1711 mersta
273 1647 389 1711 seritu.
433 1666 494 1710 sve
517 1647 635 1709 anclar
663 1666 744 1727 pro·
795 1668 876 1708 mam
899 1658 1028 1710 servato.
1057 1650 1082 1707 si
1104 1651 1224 1707 oscines
1243 1651 1419 1721 cecinerint,

117 1758 295 1823 eanurent,
309 1768 370 1812 eso
383 1745 744 1829 tremnuserselcom·
797 1752 840 1809 sic
877 1752 908 1809 in
941 1751 1140 1810 tabernaculo
1177 1753 1290 1810 sedens
1311 1748 1316 1829 Ι
1335 1771 1420 1810 man·

222 1960 259 2016 13
285 1974 406 2022 carrom,
442 1955 586 2029 quoniam
619 1954 731 2011 carsz'tu
763 1954 848 2011 idem
881 1962 928 2011 est
951 1955 1035 2028 quod
1067 1948 1203 2013 καλείτω
1237 1953 1344 2019 calaio,
1379 1954 1420 2010 ad

121 2060 214 2115 calam
236 2057 343 2130 redigo
367 2057 531 2130 fanumque
554 2056 737 2130 interpretor
752 2055 855 2111 cellam
878 2072 1059 2130 comparans
1075 2062 1107 2112 et
1130 2063 1202 2111 ante
1227 2072 1319 2128 quam
1331 2055 1420 2112 Pom·

120 2159 189 2235 peis
213 2158 259 2214 via
286 2157 455 2214 terminata
488 2164 536 2213 est
568 2156 651 2212 kailo
675 2155 768 2214 lovels
801 2163 833 2213 et
863 2172 924 2230 quo
946 2155 1071 2212 nomine
1101 2154 1184 2212 haud
1217 2172 1285 2211 raro
1309 2154 1420 2212 Graeci

124 2259 239 2317 sacella
262 2264 374 2315 vocant
407 2251 544 2316 καλιάδα
576 2264 627 2312 aut
649 2251 801 2328 καλίδιον,
837 2256 895 2312 etsi
917 2254 994 2334 haec
1018 2255 1167 2312 vocabula
1199 2254 1323 2312 minime
1347 2273 1421 2312 con·

122 2362 220 2418 tendo
243 2361 355 2416 eodem
373 2357 476 2439 omnia
497 2375 611 2431 genere
634 2374 703 2414 esse
724 2364 886 2431 prognata.
931 2356 1017 2413 Rufri
1039 2374 1153 2414 numen
1175 2374 1236 2412 non
1260 2356 1367 2414 colitur
1389 2357 1420 2413 in

41 2523 43 2527 Α
124 2461 205 2517 aede
227 2469 278 2518 aut
302 2461 385 2528 fano,
408 2458 530 2531 Rubigo
553 2459 686 2515 Romani
710 2459 850 2515 dicarant
873 2458 974 2514 lucum
997 2452 1139 2534 (Ovidius
1163 2456 1182 2516 f.
1206 2457 1250 2513 IV
1266 2459 1326 2516 907
1351 2475 1422 2515 cum

124 2562 262 2619 Merkelii
285 2561 488 2618 adnotatione
511 2579 540 2634 p.
557 2553 681 2637 CXCI),
704 2559 802 2633 qualis
824 2558 910 2615 notio
933 2574 996 2615 non
1012 2557 1135 2615 difficile
1158 2574 1194 2614 ex
1216 2559 1365 2616 radicium
1388 2567 1419 2614 et

123 2659 296 2738 ῥαδάμνων
320 2669 422 2736 etymo
447 2662 634 2717 extunditur.
674 2665 787 2734 periom
809 2668 842 2715 ut
864 2677 978 2716 nomen
1001 2660 1148 2726 ostendit,
1181 2659 1316 2734 pervium
1339 2669 1421 2717 tran-

122 2766 299 2821 sitoriumve
323 2773 386 2820 tam
409 2771 516 2837 aptum
529 2761 674 2819 Padellae
698 2761 938 2819 existimabimus
961 2778 1052 2835 quam
1073 2760 1175 2817 lanum
1196 2762 1257 2818 deo
1272 2760 1421 2829 Patulcio,

122 2881 246 2938 semper
264 2864 405 2938 patuisse
428 2863 548 2919 Romae
571 2861 664 2919 fertur
684 2869 774 2936 porta
795 2859 960 2918 Pandana:
983 2868 1105 2934 portum
1129 2860 1270 2918 Placidus
1293 2863 1419 2936 exponit

120 2966 247 3022 domurn
269 2965 316 3021 vel
335 2965 469 3031 ianuam,
493 2963 647 3020 interdum
669 2962 828 3038 porticum.
1169 3036 1172 3042 Ι

223 3066 261 3124 15
284 3083 356 3122 aves
379 3065 542 3138 augurales
574 3073 628 3121 aut
652 3065 775 3121 oscines
799 3080 868 3120 esse
891 3071 945 3120 aut
965 3070 1139 3138 praepetes
1172 3062 1228 3121 has
1251 3072 1304 3121 aut
1329 3081 1420 3138 supe·

120 3166 201 3224 riora
223 3174 327 3224 tenere
349 3175 380 3223 et
402 3174 565 3240 praepetes
582 3166 684 3222 vocari
707 3165 828 3240 proprie
851 3172 903 3221 aut
925 3164 1068 3222 inferiora
1085 3172 1117 3220 et
1139 3164 1200 3222 dici
1222 3163 1335 3222 inseras
1348 3164 1417 3222 Ser·

120 3266 185 3322 vius
207 3276 309 3323 narrat
333 3267 410 3325 Aen.
434 3266 482 3322 III
506 3267 576 3338 361,
608 3267 824 3340 consentitque
847 3283 915 3322 cum
946 3283 984 3322 eo
1008 3264 1148 3339 Nigidius
1181 3267 1265 3340 apud
1288 3265 1422 3323 Gellium

120 3366 182 3422 VII
206 3369 234 3431 6,
259 3371 306 3427 10.
350 3364 368 3427 ὁ
391 3363 637 3442 δρυοκολάπτης
661 3364 700 3427 οὐ
722 3363 840 3429 καθίζει
862 3363 914 3426 ἐπὶ
936 3366 993 3440 τῆς
1015 3365 1075 3440 γῆς
1098 3366 1289 3426 Aristoteles.

166 3480 167 3483 ’
223 3471 261 3527 16
285 3469 449 3537 cecz'nerz‘nt,
472 3468 578 3526 Vmbri
595 3475 800 3543 procanurent
828 3467 890 3525 sive
914 3469 1039 3526 ulterius
1061 3477 1183 3543 tempus
1212 3468 1423 3542 respicientes

120 3578 154 3626 ut
176 3569 277 3626 Latini
309 3578 380 3627 cum
401 3570 537 3644 praecini
560 3570 661 3628 futura
686 3571 792 3628 dicunt
814 3577 845 3625 et
874 3570 1025 3644 prodigia,
1062 3570 1124 3626 sive
1144 3569 1347 3644 praesentius
1387 3576 1421 3625 ut

120 3671 223 3728 Latini
243 3688 312 3727 cum
334 3670 456 3744 profata
478 3677 509 3727 et
530 3672 739 3745 pronuntiata.

223 3775 261 3830 17
285 3771 326 3828 de
348 3772 425 3828 sede
447 3789 504 3828 sua
525 3773 661 3847 auspicia
685 3791 782 3848 augur
803 3773 868 3830 istis
891 3772 990 3829 verbis
1011 3771 1163 3838 nuntiato,
1187 3768 1360 3844 combz'fiatu.
1391 3771 1422 3827 in

122 3880 225 3930 vetere
249 3873 354 3930 tabula
368 3871 535 3945 kumpifium
558 3890 620 3929 non
644 3883 785 3932 narratur
807 3873 865 3929 nisi
879 3873 992 3930 flamen
1014 3874 1077 3930 sive
1100 3870 1239 3945 auspicio
1255 3888 1423 3946 procurans

121 3976 198 4032 dum
230 3973 387 4049 kumpifiat
423 3974 454 4029 in
476 3976 703 4048 auguraculum,
737 3977 800 4032 sive
835 3975 984 4032 sacrificio
1009 3975 1082 4031 dum
1103 3974 1135 4030 in
1166 3973 1268 4030 locum
1291 3971 1424 4045 aliquem

123 4074 282 4148 kumpifiat
303 4083 336 4130 ut
358 4075 528 4134 adoleatur.
572 4085 696 4151 tamque
729 4094 825 4151 prope
859 4079 901 4132 ad
925 4076 1070 4133 edicendi
1102 4073 1274 4149 imperandi
1297 4072 1423 4131 curandi

124 4175 216 4232 verba
236 4175 308 4232 illud
324 4176 456 4242 accedit,
478 4185 510 4232 ut
534 4178 599 4233 sine
622 4178 773 4252 particula
794 4178 1020 4235 coniunctivum
1043 4178 1170 4234 modum
1193 4174 1333 4249 accipiat,
1357 4191 1423 4232 eum

123 4282 196 4351 post
217 4277 327 4332 carsr'tu
349 4277 381 4332 id
403 4278 486 4351 quod
510 4277 582 4336 facit
604 4288 734 4337 vocatus
765 4277 914 4336 inferatur
943 4297 998 4354 per
1019 4278 1208 4354 particulam.
1252 4275 1425 4333 recentiora

123 4393 197 4433 aera
219 4373 374 4448 combifiom
396 4394 460 4433 non
478 4378 572 4434 modo
592 4377 706 4435 flamini
728 4379 907 4436 adscribunt
930 4379 987 4436 sed
1002 4379 1096 4438 etiam
1112 4378 1228 4452 auguri,
1242 4384 1426 4452 praeterque

124 4484 245 4534 ceteras
268 4485 432 4534 structuras
448 4478 542 4535 etiam
562 4479 643 4537 hanc
657 4479 823 4536 admittunt
846 4479 1013 4554 combifiare
1036 4482 1151 4548 oscz'rtm,
1170 4488 1329 4555 prosperas
1347 4495 1428 4551 quae

124 4595 189 4634 non
211 4577 457 4635 observationem
479 4581 577 4656 magis
592 4597 683 4654 quam
705 4581 963 4641 renuntiationem
985 4583 1219 4664 impetrataque
1241 4580 1280 4636 de
1304 4587 1435 4651 captan-

124 4679 164 4736 tis
188 4680 339 4736 sententia
362 4679 498 4754 auspicia
520 4679 762 4756 comprehendit.
809 4684 896 4760 origo
920 4684 1002 4741 verbi
1028 4710 1071 4752 eo
1087 4685 1250 4745 obscurior
1272 4686 1328 4741 cst,
1349 4683 1444 4748 quod

1249 4779 1265 4827 l
