3742 5364
229 325 319 384 11117
847 326 906 383 156

230 504 321 568 isunt
344 505 527 568 sufedaklu
550 516 702 568 autentu.
721 505 1539 590 sepleslniternsuffedaculuminponito.simpulisl
1642 580 1651 605 ι
1730 526 1741 549 ⁵

231 609 380 671 ahesnes
415 607 478 670 tris
513 606 591 669 kazi
626 607 764 678 astintu,
802 607 852 672 fe·
905 613 1011 670 ahenis
1034 614 1257 687 tribuslignum
1267 612 1465 687 distinguito,
1489 612 1537 671 fe·

230 710 354 771 dehtru
371 718 462 771 etres
485 707 561 790 trisl
576 709 725 772 ahesnes
747 710 851 772 astin·
904 716 1025 771 detrum
1041 713 1144 771 alteris
1168 706 1277 790 tribusl
1292 713 1401 772 ahenis
1421 713 1536 772 distin·

231 821 278 884 tu,
314 809 496 874 sufedaklu
538 818 639 872 tuves
680 812 829 874 ahesnes
844 813 853 884 l
867 835 892 874 ιι
906 816 1002 889 guito,
1018 813 1242 873 suffedaculum
1267 816 1391 874 duobus
1404 812 1536 885 ahenisl

231 1015 310 1074 Cato
333 1017 425 1090 agric.
448 1018 468 1074 4
491 1022 522 1072 et
545 1019 585 1076 14
608 1033 678 1073 cum
700 1015 921 1090 praesaepibus
944 1016 1048 1091 posuit
1061 1012 1206 1091 salebras,
1228 1017 1364 1092 ipsarum
1385 1034 1534 1093 praesae-

230 1118 314 1194 pium
336 1125 576 1192 antepagmenta
599 1117 757 1192 superiora
780 1118 863 1173 unde
885 1118 1032 1192 pabulum
1056 1118 1150 1175 boves
1173 1120 1352 1192 degustant.
1397 1118 1534 1177 fortasse

231 1219 333 1276 socius
348 1213 499 1292 Φάλητος
515 1218 603 1275 divus
617 1226 705 1293 pater
720 1218 855 1275 Falacer.
892 1236 1042 1292 ponamus
1059 1218 1173 1276 falandi
1190 1220 1315 1278 verbum
1330 1221 1417 1296 quod
1436 1220 1536 1296 signi·

231 1320 327 1379 ficarit
348 1322 455 1379 tollere
478 1320 577 1388 altine,
603 1321 761 1378 finitimum
784 1337 898 1394 graeco
921 1337 982 1393 quo
1006 1320 1162 1379 trahentes
1186 1321 1298 1380 siccam
1319 1322 1457 1380 carinam
1479 1340 1537 1398 per

231 1422 388 1480 machinas
412 1423 512 1479 levare
535 1422 678 1480 dicuntur
699 1403 988 1497 quhurru'rouvreg,
1012 1422 1085 1478 inde
1102 1431 1209 1480 natum
1223 1439 1279 1498 pro
1302 1421 1412 1480 falatro
1424 1421 1535 1502 sedek·

231 1531 279 1580 tru
301 1533 334 1580 ut
356 1525 395 1581 ab
421 1524 538 1582 arando
567 1524 703 1580 verendo
726 1531 860 1580 aratrum
882 1531 1047 1591 veretrum,
1069 1519 1228 1598 susedaklu
1259 1524 1347 1598 quasi
1375 1532 1536 1583 sustenta-

233 1626 343 1683 culum.
388 1643 460 1682 nam
480 1625 667 1700 praepositio
696 1625 780 1682 alteri
809 1624 925 1681 nomini
952 1625 1099 1681 adiuncta
1121 1625 1251 1698 gradum
1283 1625 1421 1683 altiorem
1453 1625 1536 1684 indi-

233 1735 292 1795 cat,
323 1727 502 1802 quomodo
538 1726 638 1801 suffigi
672 1726 781 1782 dicitur
810 1726 842 1782 in
864 1743 986 1783 crucem
1021 1726 1073 1801 qui
1100 1734 1221 1783 erectus
1250 1726 1281 1782 iu
1303 1727 1399 1784 altum
1419 1726 1534 1801 ligitur.

233 1827 310 1886 haec
332 1837 489 1902 tamquam
523 1829 703 1903 repositoria
737 1812 862 1885 mensae
890 1845 983 1903 super
1011 1828 1119 1885 addita
1146 1828 1203 1885 illis
1227 1828 1352 1902 quidem
1373 1828 1537 1888 vocabulis

232 1949 295 1988 non
320 1932 518 2006 designantur
540 1931 571 1987 in
592 1938 741 2005 sequente
758 1930 896 1987 sacrificii
911 1932 1116 2004 enarratione,
1141 1931 1200 1988 sed
1215 1948 1323 1987 eorum
1339 1930 1537 2005 potissimum

231 2032 300 2089 loco
323 2033 498 2089 nominatur
522 2016 643 2088 ereilum
666 2033 748 2088 cuius
771 2032 865 2088 modo
887 2031 1075 2106 superiorem
1098 2040 1218 2106 partem
1239 2031 1335 2089 modo
1356 2030 1536 2090 inferiorem
1582 2069 1589 2081 ·

233 2133 360 2190 antistes
381 2150 469 2190 sacro
492 2132 633 2190 libamine
657 2132 814 2206 contingit.
860 2132 1023 2207 figuratum
1052 2132 1085 2189 id
1107 2141 1155 2189 est
1179 2141 1213 2189 ut
1234 2117 1345 2189 struila
1372 2132 1413 2189 ab
1436 2132 1537 2208 stirpe

233 2235 282 2293 illa
295 2252 355 2309 qna
378 2243 478 2290 ortum
493 2243 541 2290 est
564 2252 640 2301 erus,
665 2242 698 2290 ut
721 2232 895 2307 siguificare
909 2233 1049 2290 videatur
1070 2229 1278 2309 χαριστήριον
1291 2233 1342 2291 vel
1358 2233 1535 2292 donarium.

234 2337 377 2410 quoniam
400 2334 479 2390 inira
500 2352 561 2391 una
584 2352 653 2392 cum
677 2351 729 2391 ara
755 2343 807 2391 aut
828 2335 913 2393 iuxta
930 2353 998 2391 eam
1021 2335 1130 2392 colitur
1147 2351 1280 2408 araeque
1300 2352 1363 2392 non
1384 2334 1536 2393 dissimile

234 2436 291 2492 luit
312 2437 431 2510 piorum
454 2435 606 2491 donorum
628 2436 865 2510 receptaculum,
888 2437 1054 2492 sacrarr'um
1072 2436 1218 2510 equidem
1238 2435 1328 2511 posui
1350 2437 1536 2494 recordatus

234 2539 313 2595 inter
335 2537 412 2594 caeli
435 2536 536 2593 sidera
561 2537 645 2610 quod
673 2537 785 2594 Aratus
815 2545 847 2594 et
869 2536 1091 2594 Eratosthenes
1123 2531 1274 2611 θυτήριον
1295 2543 1458 2605 vocarunt,
1494 2539 1535 2596 ab

234 2637 447 2712 interpretibus
471 2637 572 2695 latinis
594 2646 626 2695 et
649 2655 733 2695 aram
756 2640 816 2696 dici
832 2647 864 2696 et
886 2640 1057 2698 sacrarium.
1094 2639 1150 2695 nisi
1166 2638 1406 2714 magmentarium
1424 2639 1536 2709 mavitr,

234 2748 268 2795 ut
285 2720 476 2795 'Philoxenus
500 2739 551 2807 ait,
584 2736 637 2814 ἐφ’
660 2734 699 2800 οὗ
722 2736 761 2799 τὰ
786 2735 957 2814 σπλάγχνα
979 2737 1127 2814 τιθέμενα
1149 2739 1217 2814 τοῖς
1241 2739 1362 2816 βωμοῖς
1384 2737 1536 2816 προσφέ-

235 2856 355 2915 ρονται,
381 2840 510 2897 Telluris
534 2849 637 2897 autem
658 2841 913 2915 magmentarium
936 2839 1044 2898 Cicero
1066 2842 1105 2896 de
1128 2841 1191 2898 har.
1208 2858 1287 2915 resp.
1304 2841 1320 2911 ἓ
1336 2842 1375 2900 31
1397 2858 1538 2899 comme·

235 2941 363 2998 muravit
386 2949 542 3016 tamquam
564 2943 788 3000 sanctissimum
810 2942 954 2999 sacellum
976 2942 1036 2999 iam
1059 2941 1175 3016 privato
1197 2941 1347 2999 vestibulo
1370 2941 1538 3012 inclusum,

233 3045 317 3100 unde
340 3044 468 3117 primum
491 3039 645 3119 ἑπιβωμὶς
667 3052 732 3101 tum
754 3052 898 3119 separata
921 3043 1073 3118 quaedam
1096 3041 1242 3100 arula'eo
1265 3043 1359 3101 verbo
1381 3043 1539 3105 denotata

234 3145 363 3202 videtur.
865 3147 867 3151 ’

335 3248 373 3304 17
398 3252 555 3302 exstructa
578 3254 608 3303 et
630 3254 738 3320 parata
759 3244 901 3302 machina
924 3253 990 3301 tota
1011 3253 1044 3301 ut
1062 3245 1183 3301 adrem
1207 3244 1342 3303 divinam
1364 3246 1541 3306 adornetur

236 3359 268 3405 et
289 3354 494 3415 consecretur,
521 3348 719 3421 adponuntur
744 3364 817 3402 vasa
840 3363 936 3415 sacra,
963 3364 1027 3403 non
1049 3345 1150 3402 fictilia
1173 3345 1284 3404 levisve
1306 3346 1453 3404 materiae
1477 3351 1539 3407 sed

237 3448 336 3506 ahena
358 3467 395 3506 ac
417 3465 473 3524 pro
495 3447 612 3504 illorum
636 3448 697 3505 vita
720 3447 876 3503 hominum
899 3447 972 3504 satis
995 3448 1093 3514 lauta,
1118 3447 1197 3505 trina
1221 3447 1252 3504 in
1275 3447 1336 3504 iuro
1366 3448 1448 3504 etin
1471 3466 1540 3508 me-

237 3550 300 3617 dio,
324 3549 385 3604 duo
408 3549 439 3604 in
461 3565 580 3606 summo
603 3549 702 3622 gradu
724 3548 873 3605 altarium.
918 3566 988 3604 cum
1011 3548 1100 3621 reples
1121 3547 1202 3604 enim
1218 3547 1348 3622 simpula
1363 3564 1540 3623 congruere

236 3651 285 3706 vix
307 3651 467 3725 quisquam
489 3651 622 3725 negavit,
645 3651 739 3724 idque
756 3650 912 3706 vasculum
925 3649 1046 3706 Romae
1065 3649 1097 3705 in
1120 3647 1274 3706 sacrificiis
1298 3649 1427 3707 durasse
1439 3649 1540 3710 etiam

236 3760 400 3826 postquam
423 3751 533 3827 cyatho
556 3753 599 3808 uti
620 3761 789 3827 coeperunt
810 3751 852 3807 ad
864 3751 934 3809 vina
950 3752 1056 3808 danda
1071 3750 1173 3808 multis
1195 3758 1317 3808 constat
1339 3749 1539 3810 testimoniis.

237 3854 353 3911 alternes
387 3870 456 3910 eam
491 3854 532 3910 ob
562 3872 704 3912 caussam
743 3852 842 3911 sentio
864 3861 911 3910 ter
940 3870 1009 3910 esse
1040 3853 1205 3928 repetitum
1236 3853 1323 3926 quod
1353 3852 1540 3929 plerumque

237 3956 354 4033 iguvini
379 3973 477 4030 aeque
510 3974 547 4014 ac
575 3957 709 4015 Romani
732 3954 866 4031 simpulis
890 3954 1028 4011 libabant
1051 3954 1192 4011 fictilibus
1227 3952 1355 4028 (Plinius
1377 3961 1440 4011 nat.
1464 3953 1541 4017 hist.

237 4057 355 4116 XXXV
372 4059 441 4126 158,
465 4057 588 4115 lahnius
611 4059 642 4114 in
665 4057 760 4115 Persii
782 4051 890 4131 1159).
936 4056 1065 4112 anstz'rtlu
1093 4055 1274 4129 distinguito
1306 4054 1540 4130 interstinguito

236 4155 441 4235 περιστιζέτω
463 4159 575 4216 extrita
596 4160 739 4233 gutturali
761 4175 846 4214 more
868 4157 1015 4224 umbrico,
1039 4157 1111 4213 licet
1126 4158 1314 4215 servaverint
1334 4173 1403 4213 eam
1425 4173 1540 4217 recen-

237 4262 330 4319 tiores
355 4262 386 4317 in
408 4260 506 4317 ninctu
528 4260 677 4334 ninguito.
709 4277 780 4316 nam
802 4259 1061 4334 praepositionem
1084 4275 1152 4314 eam
1175 4274 1313 4332 agnosco
1330 4273 1408 4332 quae
1430 4264 1483 4315 est
1506 4259 1542 4318 in

238 4362 367 4432 ambitu,
390 4371 483 4437 atque
504 4362 564 4419 hoc
587 4362 712 4418 verbum
735 4369 765 4418 et
797 4377 877 4435 quae
907 4360 1057 4434 adscripsi
1085 4360 1179 4416 latina
1212 4373 1419 4434 graecumque
1451 4361 1542 4419 tenui

238 4476 418 4539 separantur
452 4462 626 4521 discrimine
660 4461 740 4536 quali
763 4461 926 4535 anquirere
954 4470 986 4517 et
1015 4461 1194 4535 disquirere,
1231 4457 1374 4534 amplecti
1396 4465 1429 4515 et
1449 4475 1542 4536 περι·

239 4561 421 4626 πλέκεσθαι.

339 4668 379 4725 20
401 4666 500 4722 z'nenek
525 4668 638 4736 tabula,
661 4667 791 4742 Lepsius
813 4668 925 4726 inumek
952 4686 1008 4743 per
1036 4685 1126 4743 quam
1159 4664 1337 4741 particulam
1361 4663 1544 4725 continuari
