3742 5364
232 345 330 404 11x31
853 345 911 401 136

231 527 432 610 persnihmu
476 523 653 586 vestikatu
695 525 882 604 ahtrepu·³
908 528 946 584 tis
1006 529 1177 604 supplicato
1239 531 1334 588 libato
1396 530 1544 605 tripoda·

232 636 315 691 datu
330 627 333 709 l
349 628 488 708 adpeltu
501 626 667 688 statitatu.
691 645 778 706 supa
791 645 852 706 pu·
868 648 892 686 n
906 639 939 685 to
962 623 966 706 l
987 631 1153 688 admoveto
1177 632 1314 689 statuite.
1358 650 1462 707 suppa
1492 650 1543 690 re·

233 741 306 793 stra
338 740 467 810 perstu.
519 727 617 806 iepru
651 745 730 788 erus
765 727 856 789 mani
907 739 953 786 tro
987 733 1105 805 ponito.
1153 740 1227 788 ante
1265 748 1303 787 ea
1336 749 1407 790 erus
1442 750 1541 791 manu

230 830 382 894 kuveitu.
404 830 408 912 l
906 833 1075 907 congerite.
1096 826 1100 909 l

274 930 464 1012 Spinamar'l
479 940 545 993 ctu.
567 938 689 990 iuvere
704 927 854 1008 kapidus
948 933 997 989 Ad
1013 935 1131 1008 spinam
1147 934 1201 992 ito.
1231 934 1352 992 duabus
1367 935 1399 992 in
1416 936 1541 1011 capidi·

230 1148 376 1212 geruntur
395 1137 491 1193 oculis
515 1136 577 1201 dei,
601 1151 700 1208 suppa
723 1142 826 1189 autern
849 1152 887 1190 ex
910 1133 961 1190 illo
984 1134 1050 1190 loco
1073 1143 1154 1190 retro
1178 1145 1347 1197 moventur.
1393 1147 1469 1197 ante
1494 1157 1536 1197 ea

232 1258 299 1296 erus
321 1238 485 1312 conligitur
505 1254 598 1293 manu
615 1253 676 1310 qua
699 1236 783 1308 tangi
809 1252 897 1291 sacra
918 1235 1065 1309 pleraque
1088 1251 1150 1291 non
1174 1237 1267 1297 licuit.
1297 1238 1380 1311 irpru
1403 1257 1460 1315 pro
1478 1242 1538 1310 eis,
1568 1238 1572 1243 ’

232 1343 258 1397 ie
280 1341 431 1416 privatum
452 1358 466 1394 s
489 1340 590 1395 littera
612 1337 740 1410 videtur,
758 1345 821 1408 pra
845 1335 942 1392 forma
964 1353 1025 1409 qua
1041 1335 1115 1393 Osci
1138 1354 1263 1412 quoque
1283 1348 1412 1397 utuntur
1432 1359 1539 1400 reser-

232 1451 302 1500 vata
325 1452 374 1499 est
396 1442 436 1498 ad
460 1441 519 1497 loci
542 1440 689 1497 indicium
712 1432 770 1516 (sic
787 1446 846 1511 pra
870 1439 992 1504 rastris,
1019 1448 1077 1510 pro
1098 1438 1276 1517 tribunali),
1310 1444 1472 1500 commodi
1497 1464 1536 1503 ac

231 1544 376 1620 praesidii
398 1551 472 1599 nota
488 1550 545 1615 per
568 1541 623 1597 fuit
646 1535 835 1615 (fratrusper
856 1557 911 1614 pro
935 1538 1103 1614 fratribus).
1146 1541 1283 1598 Boeotos
1306 1543 1337 1599 in
1360 1544 1458 1603 sacris
1484 1563 1538 1603 ca·

232 1645 287 1702 tuli
310 1645 393 1702 caesi
415 1643 525 1700 fecisse
541 1649 645 1717 partes
661 1643 740 1699 inter
757 1659 832 1715 quas
848 1643 953 1697 eundo
971 1641 1183 1699 februarentur
1199 1645 1367 1701 memoravi
1382 1647 1425 1703 ad
1440 1664 1470 1706 v.
1485 1650 1537 1707 15.

331 1747 371 1804 33
392 1755 501 1818 parata
525 1753 572 1801 est
594 1761 664 1818 pars
687 1751 825 1799 extorum
851 1761 912 1816 qua
936 1744 1058 1799 reddita
1087 1743 1268 1801 sacrificium
1289 1757 1537 1817 consummetur,

232 1849 288 1903 sed
310 1847 474 1903 intercedit
496 1846 571 1901 alius
594 1846 669 1900 ritus
693 1844 751 1900 alio
775 1844 842 1900 loco
866 1844 1073 1918 peragendus.
1117 1846 1242 1902 missam
1270 1847 1456 1907 catholicam
1482 1851 1538 1924 qui

232 1949 410 2017 observarit,
434 1965 497 2003 non
519 1947 672 2020 ignorabit
695 1964 786 2019 quarn
810 1946 840 2001 in
863 1963 900 2001 ea
922 1947 1017 2002 multa
1033 1947 1168 2002 similiter
1190 1948 1329 2006 instituta
1353 1951 1424 2019 sint,
1446 1959 1483 2009 ut
1505 1952 1538 2009 in
1556 1954 1559 1959 ’

232 2069 284 2107 ara
308 2058 340 2106 et
362 2051 508 2106 sacerdos
531 2058 562 2105 et
586 2047 723 2123 supellex
747 2049 814 2122 lege
838 2061 921 2104 certa
945 2049 1173 2116 locamutent,
1206 2059 1240 2107 ut
1263 2069 1382 2108 summa
1404 2053 1537 2127 quidem

231 2169 280 2208 res
302 2152 404 2207 divina
425 2152 456 2206 in
480 2169 531 2206 ara
554 2149 615 2217 fiat,
636 2151 789 2206 interdum
813 2159 915 2205 tamen
939 2149 977 2205 ab
994 2168 1032 2207 ea
1054 2153 1228 2208 secedatur.
1266 2153 1350 2209 velut
1372 2154 1398 2210 si
1415 2153 1536 2213 iactum

232 2262 280 2310 est
302 2269 357 2326 pro
382 2236 504 2307 ho‘mine
527 2259 658 2313 mortuo,
692 2258 847 2323 postremo
873 2249 1017 2305 feretrum
1039 2267 1076 2306 ac
1098 2251 1291 2308 simulacrum
1314 2253 1378 2311 eius
1401 2255 1536 2313 circum·

231 2362 306 2410 'eunt
328 2352 458 2426 piantes¹
503 2352 602 2424 spz'rn'a
623 2351 717 2423 sparsa,
751 2350 871 2406 Romae
906 2352 973 2406 deus
996 2349 1159 2423 §pratensis
1188 2358 1221 2408 ut
1235 2348 1346 2426 'spelm
1376 2372 1417 2410 ex
1444 2358 1538 2430 agris

232 2456 398 2511 eradicaret
417 2462 497 2510 teste
520 2451 693 2526 Augustino
717 2452 757 2506 de
780 2452 835 2511 civ.
851 2451 894 2507 IV
907 2454 944 2509 21
968 2452 1026 2509 etsi
1051 2450 1203 2525 sz'rrensr's
1226 2453 1326 2512 factus
1349 2463 1397 2512 est
1418 2455 1449 2511 in
1477 2474 1532 2514 co·
1566 2481 1570 2485 ·

233 2557 301 2612 dice
327 2557 391 2612 eius
416 2556 606 2627 Augustano
641 2554 705 2608 sine
729 2553 822 2609 dubio
845 2554 943 2627 ipsum
960 2553 1034 2609 illud
1050 2555 1233 2612 vocabulum
1257 2557 1404 2632 estquod
1426 2557 1535 2616 Latini

233 2676 250 2714 a
273 2658 384 2731 plantis
409 2664 440 2712 et
462 2654 599 2712 caulibus
622 2656 664 2710 ad
681 2654 778 2711 varias
794 2672 841 2710 res
866 2653 1085 2710 transtulerunt
1104 2656 1240 2730 corporis
1261 2655 1384 2714 humani
1407 2659 1535 2732 spinam

232 2767 379 2815 vocantes
403 2775 484 2832 quae
502 2775 525 2819 a
548 2756 674 2813 cerebro
696 2757 843 2812 deorsum
865 2757 906 2812 ad
922 2772 1016 2812 coxas
1033 2738 1172 2830 'pertinet
1194 2757 1349 2832 perforata
1372 2767 1403 2815 et
1427 2770 1533 2818 verte-

231 2860 319 2915 brata
342 2876 521 2932 sacramque
545 2860 665 2932 spinam
689 2857 894 2924 lnternatium,
918 2858 988 2914 circi
1012 2859 1129 2933 spinam
1152 2877 1231 2932 quae
1247 2859 1278 2915 in
1293 2860 1396 2916 medio
1420 2870 1534 2920 exten-

231 2961 310 3017 ditur
333 2960 548 3017 curriculorum
571 2961 670 3035 spatia
693 2959 909 3016 disterminans
942 2960 1001 3015 aris
1028 2961 1156 3016 deorum
1188 2962 1343 3035 signisque
1368 2962 1458 3019 variis
1483 2981 1535 3021 or·

229 3071 313 3122 nata.
359 3063 440 3119 circo
464 3063 589 3136 quidem
610 3061 670 3118 hoc
693 3061 875 3118 vocabulum
900 3070 1037 3134 aptatum
1060 3079 1123 3117 non
1145 3062 1298 3119 invenitur
1318 3063 1375 3120 nisi
1398 3064 1438 3121 ab
1462 3064 1534 3121 infi-

229 3165 285 3220 mis
309 3164 506 3246 scriptoribus
531 3158 710 3237 (interprete
732 3162 882 3219 luvenalis
906 3165 934 3229 6,
948 3164 1009 3221 588
1032 3173 1063 3218 et
1087 3159 1310 3239 Cassiodorio),
1333 3181 1397 3220 rem
1421 3172 1534 3224 tamen

231 3274 261 3321 et
284 3266 526 3339 antiquissimam
550 3265 644 3321 fuisse
667 3273 752 3339 patet
768 3273 800 3320 et
819 3264 1051 3321 sanctissimam.
1090 3282 1192 3339 neque
1209 3283 1292 3320 aram
1305 3263 1400 3322 Consi
1421 3269 1534 3341 negle-

229 3385 336 3441 gemus
360 3367 478 3423 Romae
500 3367 531 3421 in
552 3367 633 3422 circo
657 3352 789 3422 maximo
806 3365 965 3421 defossam
989 3366 1030 3421 ad
1051 3374 1150 3421 metas
1174 3367 1286 3441 primas
1306 3374 1450 3441 terraque
1476 3370 1536 3427 ob·

159 3496 161 3501 ·
229 3477 328 3524 rutam
351 3486 443 3542 quam
457 3466 580 3523 Verrius
598 3467 627 3522 in
644 3467 729 3522 fastis
743 3466 951 3522 Praenestinis
967 3466 1076 3522 XVIII
1093 3466 1151 3525 kal.
1168 3467 1233 3526 lan.
1247 3466 1393 3523 tumulum
1412 3469 1535 3530 dixisse

231 3570 358 3628 videtur.
401 3568 468 3627 talis
492 3585 543 3624 ara
568 3568 614 3623 dis
638 3567 739 3623 inseris
762 3567 886 3640 erigitur
910 3567 991 3622 velut
1014 3567 1077 3622 Diti
1100 3568 1178 3641 patri
1200 3586 1374 3641 quamquam
1397 3568 1535 3646 infossus

229 3671 314 3726 humo
336 3675 456 3743 superat
476 3675 568 3725 lamen
587 3687 682 3742 agger
703 3669 733 3723 r'n
757 3686 850 3722 auras
866 3668 974 3740 pineus
996 3666 1121 3738 (Statius
1145 3667 1243 3728 Theb.
1257 3668 1301 3724 IV
1314 3662 1398 3745 457).
1433 3670 1535 3749 Spina

230 3773 322 3829 etiam
344 3771 410 3827 urbi
432 3787 544 3826 nomen
568 3769 624 3825 fuit
647 3769 793 3826 finitImae
816 3768 937 3825 Vmbris
960 3769 1045 3824 iuxta
1068 3768 1144 3824 Padi
1168 3771 1279 3827 ostium
1300 3771 1386 3828 sitae.
1425 3767 1536 3847 σήμα-

228 3891 286 3947 τος
307 3874 403 3929 instar
425 3871 557 3928 Vmbros
581 3871 660 3929 hanc
685 3872 804 3946 spinam
820 3871 964 3928 habuisse
981 3871 1109 3927 arbitror
1131 3888 1223 3944 quam
1245 3889 1308 3927 non
1330 3870 1419 3927 aliter
1433 3881 1535 3949 atque

229 3993 312 4032 aram
335 3984 368 4031 et
390 3975 478 4048 SIgua
501 3975 630 4031 deorum
662 3973 817 4041 colerent,
854 3980 1085 4030 monumentum
1116 3989 1208 4046 supra
1236 3981 1347 4030 terram
1374 3972 1536 4033 elevatum

229 4077 374 4134 desinens
397 4077 427 4131 in
450 4076 617 4150 cuspidem.
663 4076 750 4150 spina
773 4076 839 4149 ipsa
862 4075 1033 4149 etquidem
1057 4074 1127 4129 alba
1150 4075 1259 4147 strIges
1281 4073 1395 4147 pellere
1418 4077 1536 4135 crede·

229 4163 328 4245 batur,
352 4179 393 4235 ad
416 4179 601 4235 avertendas
626 4178 728 4233 tristes
752 4194 848 4233 noxas
873 4175 1014 4231 fenestris
1030 4175 1261 4249 adponebatur
1289 4172 1434 4246 (Ovidius
1457 4176 1534 4238 fast.

230 4280 272 4336 Vl
290 4282 348 4337 129
361 4296 400 4336 ss.
417 4271 501 4354 165),
525 4279 715 4353 purgationis
737 4295 830 4334 causa
853 4275 1058 4332 adhibebatur
1082 4275 1141 4331 faci
1163 4276 1292 4349 nuptiali
1313 4270 1425 4350 (Varro
1445 4273 1535 4337 Cha·

229 4381 289 4437 risii
311 4374 443 4454 μ.144).
477 4379 682 4436 Athenienses
705 4397 760 4453 per
778 4379 974 4434 Anthesteria
997 4394 1058 4450 quo
1082 4386 1220 4452 tempore
1242 4377 1366 4433 umbrae
1390 4387 1536 4438 mortuo·

228 4500 293 4538 rum
316 4482 415 4536 redire
448 4482 488 4536 ad
518 4498 645 4555 superos
678 4481 869 4546 videbantur,
904 4480 1021 4553 spinam
1050 4480 1147 4553 primo
1181 4497 1271 4535 mane
1293 4466 1536 4541 manducabant

229 4585 357 4656 eiusque
379 4584 458 4657 pice,
482 4577 636 4657 ἀμίαντος
658 4580 720 4655 γὰρ
743 4577 841 4655 αὕτη,
874 4581 1033 4654 ungebant
1063 4597 1192 4654 corpora
1215 4581 1323 4637 ianuas
1347 4581 1460 4639 domos
1484 4578 1536 4661 εἰς

229 4680 387 4744 ἀπέλασιν
409 4682 475 4742 τῶν
497 4663 661 4760 δαιμόνων
684 4684 823 4759 (Photius
847 4684 903 4741 lex.
928 4683 958 4738 in
981 4679 1078 4756 μιαρὰ
1098 4678 1203 4755 ἡμέρα
1226 4689 1257 4736 et
1280 4674 1428 4759 ῥάμνος).
