<?xml version="1.0" encoding="UTF-8"?>
<!DOCTYPE html PUBLIC "-//W3C//DTD XHTML 1.0 Transitional//EN"
    "http://www.w3.org/TR/xhtml1/DTD/xhtml1-transitional.dtd">
<html xmlns="http://www.w3.org/1999/xhtml" xml:lang="en" lang="en">
 <head>
  <title>
</title>
<meta http-equiv="Content-Type" content="text/html;charset=utf-8" />
  <meta name='ocr-system' content='tesseract 3.04.00' />
  <meta name='ocr-capabilities' content='ocr_page ocr_carea ocr_par ocr_line ocrx_word'/>
</head>
<body>
  <div class='ocr_page' id='page_1' title='image "./vmbricainterpre00buecgoog_0094.png"; bbox 0 0 3742 5364; ppageno 0'>
   <div class='ocr_carea' id='block_1_1' title="bbox 706 324 1377 421">
    <p class='ocr_par' dir='ltr' id='par_1_1' title="bbox 706 324 1377 421">
     <span class='ocr_line' id='line_1_1' title="bbox 706 324 1377 421; baseline -0.001 0"><span class='ocrx_word' id='word_1_1' title='bbox 706 324 746 421; x_wconf 74' lang='lat' dir='ltr'><strong>aa</strong></span> <span class='ocrx_word' id='word_1_2' title='bbox 1165 360 1377 421; x_wconf 68' lang='lat' dir='ltr'><strong>vintarata</strong></span> 
     </span>
    </p>
   </div>
   <div class='ocr_carea' id='block_1_2' title="bbox 75 543 1377 624">
    <p class='ocr_par' dir='ltr' id='par_1_2' title="bbox 75 543 1377 624">
     <span class='ocr_line' id='line_1_2' title="bbox 75 543 1377 624; baseline -0.002 -18"><span class='ocrx_word' id='word_1_3' title='bbox 75 543 228 608; x_wconf 87' lang='lat' dir='ltr'><strong>aseriato</strong></span> <span class='ocrx_word' id='word_1_4' title='bbox 266 553 338 610; x_wconf 55' lang='grc' dir='ltr'><strong>οἴαξ</strong></span> <span class='ocrx_word' id='word_1_5' title='bbox 386 563 508 607; x_wconf 82' lang='lat' dir='ltr'><strong>sururo</strong></span> <span class='ocrx_word' id='word_1_6' title='bbox 547 543 699 624; x_wconf 81' lang='lat' dir='ltr'><strong>stiplatu‚</strong></span> <span class='ocrx_word' id='word_1_7' title='bbox 715 569 739 608; x_wconf 84' lang='lat' dir='ltr'><strong>ta</strong></span> <span class='ocrx_word' id='word_1_8' title='bbox 754 548 816 606; x_wconf 91' lang='lat' dir='ltr'><strong>avis</strong></span> <span class='ocrx_word' id='word_1_9' title='bbox 839 548 1035 605; x_wconf 87' lang='lat' dir='ltr'><strong>observatum</strong></span> <span class='ocrx_word' id='word_1_10' title='bbox 1060 547 1111 604; x_wconf 92' lang='lat' dir='ltr'><strong>ito.</strong></span> <span class='ocrx_word' id='word_1_11' title='bbox 1154 546 1260 603; x_wconf 90' lang='lat' dir='ltr'><strong>itidem</strong></span> <span class='ocrx_word' id='word_1_12' title='bbox 1283 547 1377 621; x_wconf 90' lang='lat' dir='ltr'><strong>stipu-</strong></span> 
     </span>
    </p>
   </div>
   <div class='ocr_carea' id='block_1_3' title="bbox 73 743 1419 4774">
    <p class='ocr_par' dir='ltr' id='par_1_3' title="bbox 73 743 1378 3150">
     <span class='ocr_line' id='line_1_3' title="bbox 75 743 1376 827; baseline -0.003 -16"><span class='ocrx_word' id='word_1_13' title='bbox 75 755 186 816; x_wconf 88' lang='lat' dir='ltr'><strong>doctus</strong></span> <span class='ocrx_word' id='word_1_14' title='bbox 207 754 368 827; x_wconf 85' lang='lat' dir='ltr'><strong>purganda</strong></span> <span class='ocrx_word' id='word_1_15' title='bbox 391 746 562 808; x_wconf 86' lang='lat' dir='ltr'><strong>sacerdos&#39;.</strong></span> <span class='ocrx_word' id='word_1_16' title='bbox 610 749 640 805; x_wconf 94' lang='lat' dir='ltr'><strong>in</strong></span> <span class='ocrx_word' id='word_1_17' title='bbox 663 750 790 822; x_wconf 82' lang='lat' dir='ltr'><strong>magicis</strong></span> <span class='ocrx_word' id='word_1_18' title='bbox 815 749 965 822; x_wconf 83' lang='lat' dir='ltr'><strong>Vergilius</strong></span> <span class='ocrx_word' id='word_1_19' title='bbox 990 750 1046 806; x_wconf 86' lang='lat' dir='ltr'><strong>ecl.</strong></span> <span class='ocrx_word' id='word_1_20' title='bbox 1069 749 1153 817; x_wconf 85' lang='lat'><strong>8‚73</strong></span> <span class='ocrx_word' id='word_1_21' title='bbox 1185 743 1292 808; x_wconf 84' lang='lat' dir='ltr'><strong>‘terna</strong></span> <span class='ocrx_word' id='word_1_22' title='bbox 1323 751 1376 807; x_wconf 91' lang='lat' dir='ltr'><strong>tibi</strong></span> 
     </span>
     <span class='ocr_line' id='line_1_4' title="bbox 75 834 1377 930; baseline -0.003 -18"><span class='ocrx_word' id='word_1_23' title='bbox 75 834 155 914; x_wconf 87' lang='lat' dir='ltr'><strong>haec</strong></span> <span class='ocrx_word' id='word_1_24' title='bbox 178 855 306 930; x_wconf 89' lang='lat' dir='ltr'><strong>primurn</strong></span> <span class='ocrx_word' id='word_1_25' title='bbox 330 853 439 928; x_wconf 90' lang='lat' dir='ltr'><strong>triplici</strong></span> <span class='ocrx_word' id='word_1_26' title='bbox 462 853 582 909; x_wconf 90' lang='lat' dir='ltr'><strong>diversa</strong></span> <span class='ocrx_word' id='word_1_27' title='bbox 605 851 708 907; x_wconf 89' lang='lat' dir='ltr'><strong>colore</strong></span> <span class='ocrx_word' id='word_1_28' title='bbox 724 851 792 907; x_wconf 89' lang='lat' dir='ltr'><strong>licia</strong></span> <span class='ocrx_word' id='word_1_29' title='bbox 808 846 987 917; x_wconf 83' lang='lat' dir='ltr'><strong>circumdo&#39;,</strong></span> <span class='ocrx_word' id='word_1_30' title='bbox 1012 850 1096 907; x_wconf 82' lang='lat' dir='ltr'><strong>haud</strong></span> <span class='ocrx_word' id='word_1_31' title='bbox 1118 851 1243 907; x_wconf 83' lang='lat' dir='ltr'><strong>indocte</strong></span> <span class='ocrx_word' id='word_1_32' title='bbox 1266 851 1377 908; x_wconf 88' lang='lat' dir='ltr'><strong>Neme-</strong></span> 
     </span>
     <span class='ocr_line' id='line_1_5' title="bbox 75 947 1377 1027; baseline -0.001 -16"><span class='ocrx_word' id='word_1_33' title='bbox 75 955 181 1012; x_wconf 90' lang='lat' dir='ltr'><strong>sianus</strong></span> <span class='ocrx_word' id='word_1_34' title='bbox 203 953 259 1012; x_wconf 88' lang='lat' dir='ltr'><strong>ecl.</strong></span> <span class='ocrx_word' id='word_1_35' title='bbox 284 955 314 1022; x_wconf 84' lang='lat'><strong>4,</strong></span> <span class='ocrx_word' id='word_1_36' title='bbox 328 955 368 1012; x_wconf 83' lang='lat'><strong>68</strong></span> <span class='ocrx_word' id='word_1_37' title='bbox 402 947 504 1009; x_wconf 82' lang='lat' dir='ltr'><strong>‘nobis</strong></span> <span class='ocrx_word' id='word_1_38' title='bbox 538 968 662 1025; x_wconf 90' lang='lat' dir='ltr'><strong>quoque</strong></span> <span class='ocrx_word' id='word_1_39' title='bbox 686 950 878 1006; x_wconf 81' lang='lat' dir='ltr'>versicoloria</span> <span class='ocrx_word' id='word_1_40' title='bbox 912 951 960 1006; x_wconf 88' lang='lat' dir='ltr'><strong>iila</strong></span> <span class='ocrx_word' id='word_1_41' title='bbox 991 959 1022 1006; x_wconf 92' lang='lat' dir='ltr'><strong>et</strong></span> <span class='ocrx_word' id='word_1_42' title='bbox 1045 951 1125 1007; x_wconf 88' lang='lat' dir='ltr'><strong>mille</strong></span> <span class='ocrx_word' id='word_1_43' title='bbox 1157 951 1278 1025; x_wconf 88' lang='lat' dir='ltr'><strong>ignotas</strong></span> <span class='ocrx_word' id='word_1_44' title='bbox 1311 953 1377 1027; x_wconf 81' lang='lat' dir='ltr'><strong>llly-</strong></span> 
     </span>
     <span class='ocr_line' id='line_1_6' title="bbox 75 1048 1376 1113; baseline -0.002 0"><span class='ocrx_word' id='word_1_45' title='bbox 75 1056 143 1113; x_wconf 92' lang='lat' dir='ltr'><strong>cale</strong></span> <span class='ocrx_word' id='word_1_46' title='bbox 167 1055 350 1112; x_wconf 83' lang='lat' dir='ltr'>circumtulit</span> <span class='ocrx_word' id='word_1_47' title='bbox 372 1048 504 1111; x_wconf 88' lang='lat' dir='ltr'><strong>herbas&#39;.</strong></span> <span class='ocrx_word' id='word_1_48' title='bbox 550 1053 628 1108; x_wconf 92' lang='lat' dir='ltr'><strong>sicut</strong></span> <span class='ocrx_word' id='word_1_49' title='bbox 647 1052 828 1109; x_wconf 90' lang='lat' dir='ltr'><strong>circumdari</strong></span> <span class='ocrx_word' id='word_1_50' title='bbox 851 1052 1012 1109; x_wconf 91' lang='lat' dir='ltr'><strong>moenibus</strong></span> <span class='ocrx_word' id='word_1_51' title='bbox 1037 1053 1107 1108; x_wconf 93' lang='lat' dir='ltr'><strong>urbs</strong></span> <span class='ocrx_word' id='word_1_52' title='bbox 1131 1053 1242 1110; x_wconf 88' lang='lat' dir='ltr'><strong>dicitur</strong></span> <span class='ocrx_word' id='word_1_53' title='bbox 1264 1054 1376 1112; x_wconf 89' lang='lat' dir='ltr'><strong>circum</strong></span> 
     </span>
     <span class='ocr_line' id='line_1_7' title="bbox 81 1153 1376 1232; baseline -0.002 -19"><span class='ocrx_word' id='word_1_54' title='bbox 81 1175 173 1232; x_wconf 88' lang='lat' dir='ltr'><strong>quam</strong></span> <span class='ocrx_word' id='word_1_55' title='bbox 203 1156 326 1214; x_wconf 89' lang='lat' dir='ltr'><strong>moenia</strong></span> <span class='ocrx_word' id='word_1_56' title='bbox 358 1155 441 1223; x_wconf 88' lang='lat' dir='ltr'><strong>fiunt,</strong></span> <span class='ocrx_word' id='word_1_57' title='bbox 475 1155 518 1211; x_wconf 92' lang='lat' dir='ltr'><strong>sic</strong></span> <span class='ocrx_word' id='word_1_58' title='bbox 550 1153 696 1210; x_wconf 89' lang='lat' dir='ltr'><strong>homines.</strong></span> <span class='ocrx_word' id='word_1_59' title='bbox 726 1154 839 1209; x_wconf 88' lang='lat' dir='ltr'><strong>circum</strong></span> <span class='ocrx_word' id='word_1_60' title='bbox 874 1171 951 1226; x_wconf 86' lang='lat' dir='ltr'><strong>quos</strong></span> <span class='ocrx_word' id='word_1_61' title='bbox 984 1154 1150 1228; x_wconf 84' lang='lat' dir='ltr'>piacularia</span> <span class='ocrx_word' id='word_1_62' title='bbox 1186 1172 1273 1211; x_wconf 89' lang='lat' dir='ltr'><strong>sacra</strong></span> <span class='ocrx_word' id='word_1_63' title='bbox 1304 1173 1376 1228; x_wconf 88' lang='lat' dir='ltr'><strong>age·</strong></span> 
     </span>
     <span class='ocr_line' id='line_1_8' title="bbox 79 1254 1377 1338; baseline -0.003 -23"><span class='ocrx_word' id='word_1_64' title='bbox 79 1259 193 1316; x_wconf 83' lang='lat' dir='ltr'><strong>rentur</strong></span> <span class='ocrx_word' id='word_1_65' title='bbox 216 1258 309 1314; x_wconf 90' lang='lat' dir='ltr'><strong>sacris</strong></span> <span class='ocrx_word' id='word_1_66' title='bbox 344 1257 487 1313; x_wconf 89' lang='lat' dir='ltr'><strong>dixerunt</strong></span> <span class='ocrx_word' id='word_1_67' title='bbox 519 1255 712 1312; x_wconf 85' lang='lat' dir='ltr'><strong>circumferri.</strong></span> <span class='ocrx_word' id='word_1_68' title='bbox 756 1255 797 1338; x_wconf 78' lang='lat' dir='ltr'><strong>ad</strong></span> <span class='ocrx_word' id='word_1_69' title='bbox 826 1254 1038 1311; x_wconf 88' lang='lat' dir='ltr'><strong>illustrandum</strong></span> <span class='ocrx_word' id='word_1_70' title='bbox 1065 1264 1097 1311; x_wconf 90' lang='lat' dir='ltr'><strong>et</strong></span> <span class='ocrx_word' id='word_1_71' title='bbox 1130 1255 1312 1312; x_wconf 89' lang='lat' dir='ltr'><strong>vocabulum</strong></span> <span class='ocrx_word' id='word_1_72' title='bbox 1346 1264 1377 1311; x_wconf 84' lang='lat' dir='ltr'><strong>et</strong></span> 
     </span>
     <span class='ocr_line' id='line_1_9' title="bbox 75 1355 1377 1433; baseline -0.005 -15"><span class='ocrx_word' id='word_1_73' title='bbox 75 1362 166 1418; x_wconf 92' lang='lat' dir='ltr'><strong>ritum</strong></span> <span class='ocrx_word' id='word_1_74' title='bbox 189 1359 348 1433; x_wconf 82' lang='lat' dir='ltr'><strong>Iguvinum</strong></span> <span class='ocrx_word' id='word_1_75' title='bbox 379 1358 548 1432; x_wconf 90' lang='lat' dir='ltr'><strong>peridonea</strong></span> <span class='ocrx_word' id='word_1_76' title='bbox 576 1364 647 1412; x_wconf 90' lang='lat' dir='ltr'><strong>sunt</strong></span> <span class='ocrx_word' id='word_1_77' title='bbox 671 1373 749 1429; x_wconf 88' lang='lat' dir='ltr'><strong>quae</strong></span> <span class='ocrx_word' id='word_1_78' title='bbox 773 1357 813 1411; x_wconf 89' lang='lat' dir='ltr'><strong>de</strong></span> <span class='ocrx_word' id='word_1_79' title='bbox 836 1374 932 1412; x_wconf 89' lang='lat' dir='ltr'><strong>censu</strong></span> <span class='ocrx_word' id='word_1_80' title='bbox 957 1356 1113 1429; x_wconf 90' lang='lat' dir='ltr'><strong>lustroque</strong></span> <span class='ocrx_word' id='word_1_81' title='bbox 1137 1356 1279 1412; x_wconf 91' lang='lat' dir='ltr'><strong>Romano</strong></span> <span class='ocrx_word' id='word_1_82' title='bbox 1302 1355 1377 1411; x_wconf 93' lang='lat' dir='ltr'><strong>Dio-</strong></span> 
     </span>
     <span class='ocr_line' id='line_1_10' title="bbox 75 1446 1375 1537; baseline -0.002 -19"><span class='ocrx_word' id='word_1_83' title='bbox 75 1463 179 1537; x_wconf 89' lang='lat' dir='ltr'><strong>nysius</strong></span> <span class='ocrx_word' id='word_1_84' title='bbox 202 1446 305 1517; x_wconf 87' lang='lat' dir='ltr'><strong>narrat</strong></span> <span class='ocrx_word' id='word_1_85' title='bbox 321 1468 382 1518; x_wconf 90' lang='lat' dir='ltr'><strong>ant.</strong></span> <span class='ocrx_word' id='word_1_86' title='bbox 399 1459 487 1518; x_wconf 88' lang='lat' dir='ltr'><strong>Rom.</strong></span> <span class='ocrx_word' id='word_1_87' title='bbox 503 1459 595 1516; x_wconf 80' lang='lat'>1122:</span> <span class='ocrx_word' id='word_1_88' title='bbox 619 1453 756 1530; x_wconf 84' lang='grc' dir='ltr'>Τύλλιος</span> <span class='ocrx_word' id='word_1_89' title='bbox 779 1455 888 1530; x_wconf 77' lang='grc' dir='ltr'>ἐπειδὴ</span> <span class='ocrx_word' id='word_1_90' title='bbox 912 1455 1035 1517; x_wconf 81' lang='grc' dir='ltr'>διέταξε</span> <span class='ocrx_word' id='word_1_91' title='bbox 1058 1454 1095 1516; x_wconf 87' lang='grc' dir='ltr'><strong>τὸ</strong></span> <span class='ocrx_word' id='word_1_92' title='bbox 1118 1455 1190 1532; x_wconf 89' lang='grc' dir='ltr'>περὶ</span> <span class='ocrx_word' id='word_1_93' title='bbox 1211 1455 1269 1530; x_wconf 87' lang='grc' dir='ltr'><strong>τὰς</strong></span> <span class='ocrx_word' id='word_1_94' title='bbox 1290 1454 1375 1532; x_wconf 89' lang='grc' dir='ltr'>τιμή-</span> 
     </span>
     <span class='ocr_line' id='line_1_11' title="bbox 75 1554 1376 1636; baseline -0.004 -13"><span class='ocrx_word' id='word_1_95' title='bbox 75 1574 155 1636; x_wconf 79' lang='grc' dir='ltr'>σεις,</span> <span class='ocrx_word' id='word_1_96' title='bbox 178 1557 337 1633; x_wconf 89' lang='grc' dir='ltr'>κελεύσας</span> <span class='ocrx_word' id='word_1_97' title='bbox 360 1556 438 1632; x_wconf 85' lang='grc' dir='ltr'>τοὺς</span> <span class='ocrx_word' id='word_1_98' title='bbox 471 1555 605 1633; x_wconf 77' lang='grc' dir='ltr'>πολίτας</span> <span class='ocrx_word' id='word_1_99' title='bbox 635 1554 781 1631; x_wconf 89' lang='grc' dir='ltr'>ἅπαντας</span> <span class='ocrx_word' id='word_1_100' title='bbox 804 1557 973 1617; x_wconf 82' lang='grc' dir='ltr'>συνελθεῖν</span> <span class='ocrx_word' id='word_1_101' title='bbox 1007 1555 1052 1631; x_wconf 86' lang='grc' dir='ltr'><strong>εἰς</strong></span> <span class='ocrx_word' id='word_1_102' title='bbox 1074 1555 1112 1617; x_wconf 87' lang='grc' dir='ltr'><strong>τὸ</strong></span> <span class='ocrx_word' id='word_1_103' title='bbox 1136 1556 1288 1632; x_wconf 82' lang='grc' dir='ltr'>μέγιστον</span> <span class='ocrx_word' id='word_1_104' title='bbox 1310 1559 1376 1618; x_wconf 81' lang='grc' dir='ltr'><strong>τῶν</strong></span> 
     </span>
     <span class='ocr_line' id='line_1_12' title="bbox 73 1655 1375 1743; baseline -0.003 -21"><span class='ocrx_word' id='word_1_105' title='bbox 73 1660 137 1737; x_wconf 88' lang='grc' dir='ltr'><strong>πρὸ</strong></span> <span class='ocrx_word' id='word_1_106' title='bbox 160 1663 217 1736; x_wconf 86' lang='grc' dir='ltr'><strong>τῆς</strong></span> <span class='ocrx_word' id='word_1_107' title='bbox 237 1657 370 1743; x_wconf 82' lang='grc' dir='ltr'>πόλεως</span> <span class='ocrx_word' id='word_1_108' title='bbox 399 1656 511 1720; x_wconf 77' lang='grc' dir='ltr'>πεδίον</span> <span class='ocrx_word' id='word_1_109' title='bbox 538 1656 674 1734; x_wconf 80' lang='grc' dir='ltr'>ἔχοντας</span> <span class='ocrx_word' id='word_1_110' title='bbox 701 1657 740 1718; x_wconf 87' lang='grc' dir='ltr'><strong>τὰ</strong></span> <span class='ocrx_word' id='word_1_111' title='bbox 764 1655 849 1720; x_wconf 89' lang='grc' dir='ltr'>ὅπλα</span> <span class='ocrx_word' id='word_1_112' title='bbox 882 1707 911 1719; x_wconf 93' lang='grc'><strong>..</strong></span> <span class='ocrx_word' id='word_1_113' title='bbox 950 1657 1115 1734; x_wconf 85' lang='grc' dir='ltr'>καθαρμὸν</span> <span class='ocrx_word' id='word_1_114' title='bbox 1139 1657 1246 1718; x_wconf 84' lang='grc' dir='ltr'>αὐτῶν</span> <span class='ocrx_word' id='word_1_115' title='bbox 1269 1656 1375 1733; x_wconf 87' lang='grc' dir='ltr'>ἐποιή-</span> 
     </span>
     <span class='ocr_line' id='line_1_13' title="bbox 74 1756 1376 1842; baseline -0.004 -18"><span class='ocrx_word' id='word_1_116' title='bbox 74 1775 157 1824; x_wconf 88' lang='grc' dir='ltr'>σατο</span> <span class='ocrx_word' id='word_1_117' title='bbox 180 1759 288 1842; x_wconf 82' lang='grc' dir='ltr'>ταύρῳ</span> <span class='ocrx_word' id='word_1_118' title='bbox 312 1758 363 1821; x_wconf 86' lang='grc' dir='ltr'><strong>καὶ</strong></span> <span class='ocrx_word' id='word_1_119' title='bbox 385 1764 462 1841; x_wconf 86' lang='grc' dir='ltr'>κριῳ</span> <span class='ocrx_word' id='word_1_120' title='bbox 479 1759 531 1820; x_wconf 88' lang='grc' dir='ltr'><strong>καὶ</strong></span> <span class='ocrx_word' id='word_1_121' title='bbox 553 1757 664 1840; x_wconf 84' lang='grc' dir='ltr'>κάπρῳ</span> <span class='ocrx_word' id='word_1_122' title='bbox 681 1759 856 1837; x_wconf 72' lang='grc' dir='ltr'>ίροτροτρηι</span> <span class='ocrx_word' id='word_1_123' title='bbox 873 1762 1001 1818; x_wconf 79' lang='lat' dir='ltr'><strong>traditur</strong></span> <span class='ocrx_word' id='word_1_124' title='bbox 1015 1757 1148 1841; x_wconf 78' lang='grc' dir='ltr'>τράγῳ),</span> <span class='ocrx_word' id='word_1_125' title='bbox 1171 1758 1210 1820; x_wconf 89' lang='grc' dir='ltr'><strong>τὰ</strong></span> <span class='ocrx_word' id='word_1_126' title='bbox 1233 1762 1260 1820; x_wconf 81' lang='grc' dir='ltr'><strong>δ’</strong></span> <span class='ocrx_word' id='word_1_127' title='bbox 1276 1756 1376 1835; x_wconf 83' lang='grc' dir='ltr'>ἱερεῖα</span> 
     </span>
     <span class='ocr_line' id='line_1_14' title="bbox 74 1858 1376 1940; baseline -0.003 -16"><span class='ocrx_word' id='word_1_128' title='bbox 74 1865 176 1924; x_wconf 83' lang='grc' dir='ltr'>ταῦτα</span> <span class='ocrx_word' id='word_1_129' title='bbox 199 1860 266 1937; x_wconf 87' lang='grc' dir='ltr'>τρὶς</span> <span class='ocrx_word' id='word_1_130' title='bbox 288 1864 499 1936; x_wconf 86' lang='grc' dir='ltr'>περιαχθῆναι</span> <span class='ocrx_word' id='word_1_131' title='bbox 520 1859 593 1936; x_wconf 90' lang='grc' dir='ltr'>περὶ</span> <span class='ocrx_word' id='word_1_132' title='bbox 615 1859 652 1921; x_wconf 91' lang='grc' dir='ltr'><strong>τὸ</strong></span> <span class='ocrx_word' id='word_1_133' title='bbox 675 1858 900 1936; x_wconf 76' lang='grc' dir='ltr'>στρατόπεδον</span> <span class='ocrx_word' id='word_1_134' title='bbox 923 1858 1082 1934; x_wconf 87' lang='grc' dir='ltr'>κελεύσας</span> <span class='ocrx_word' id='word_1_135' title='bbox 1098 1858 1195 1921; x_wconf 80' lang='grc' dir='ltr'>ἔθυσε</span> <span class='ocrx_word' id='word_1_136' title='bbox 1217 1863 1263 1940; x_wconf 83' lang='grc' dir='ltr'><strong>τῷ</strong></span> <span class='ocrx_word' id='word_1_137' title='bbox 1286 1859 1376 1921; x_wconf 88' lang='grc' dir='ltr'>κατέ-</span> 
     </span>
     <span class='ocr_line' id='line_1_15' title="bbox 76 1957 1374 2040; baseline -0.003 -16"><span class='ocrx_word' id='word_1_138' title='bbox 76 1983 166 2040; x_wconf 86' lang='grc' dir='ltr'>χοντι</span> <span class='ocrx_word' id='word_1_139' title='bbox 188 1960 226 2023; x_wconf 85' lang='grc' dir='ltr'><strong>τὸ</strong></span> <span class='ocrx_word' id='word_1_140' title='bbox 248 1960 360 2023; x_wconf 81' lang='grc' dir='ltr'>πεδίον</span> <span class='ocrx_word' id='word_1_141' title='bbox 382 1957 477 2037; x_wconf 84' lang='grc' dir='ltr'>Ἄρει.</span> <span class='ocrx_word' id='word_1_142' title='bbox 523 1963 731 2018; x_wconf 90' lang='lat' dir='ltr'><strong>ambilustrum</strong></span> <span class='ocrx_word' id='word_1_143' title='bbox 767 1963 826 2020; x_wconf 92' lang='lat' dir='ltr'><strong>hoc</strong></span> <span class='ocrx_word' id='word_1_144' title='bbox 851 1971 993 2020; x_wconf 89' lang='lat' dir='ltr'><strong>vocatum</strong></span> <span class='ocrx_word' id='word_1_145' title='bbox 1017 1981 1085 2020; x_wconf 93' lang='lat' dir='ltr'><strong>esse</strong></span> <span class='ocrx_word' id='word_1_146' title='bbox 1110 1963 1229 2020; x_wconf 89' lang='lat' dir='ltr'><strong>Romae</strong></span> <span class='ocrx_word' id='word_1_147' title='bbox 1253 1963 1374 2020; x_wconf 88' lang='lat' dir='ltr'><strong>Servius</strong></span> 
     </span>
     <span class='ocr_line' id='line_1_16' title="bbox 74 2063 1373 2138; baseline -0.001 -18"><span class='ocrx_word' id='word_1_148' title='bbox 74 2067 105 2120; x_wconf 94' lang='lat' dir='ltr'><strong>in</strong></span> <span class='ocrx_word' id='word_1_149' title='bbox 128 2065 205 2121; x_wconf 88' lang='lat' dir='ltr'><strong>Aen.</strong></span> <span class='ocrx_word' id='word_1_150' title='bbox 229 2063 319 2122; x_wconf 81' lang='lat'>1283</span> <span class='ocrx_word' id='word_1_151' title='bbox 343 2072 482 2131; x_wconf 87' lang='lat' dir='ltr'><strong>testatur,</strong></span> <span class='ocrx_word' id='word_1_152' title='bbox 507 2064 591 2138; x_wconf 90' lang='lat' dir='ltr'><strong>quod</strong></span> <span class='ocrx_word' id='word_1_153' title='bbox 615 2082 725 2120; x_wconf 90' lang='lat' dir='ltr'><strong>nomen</strong></span> <span class='ocrx_word' id='word_1_154' title='bbox 747 2064 795 2119; x_wconf 89' lang='lat' dir='ltr'><strong>ille</strong></span> <span class='ocrx_word' id='word_1_155' title='bbox 819 2065 943 2138; x_wconf 89' lang='lat' dir='ltr'><strong>quidem</strong></span> <span class='ocrx_word' id='word_1_156' title='bbox 968 2063 1044 2120; x_wconf 81' lang='lat' dir='ltr'><strong>salso</strong></span> <span class='ocrx_word' id='word_1_157' title='bbox 1061 2065 1186 2138; x_wconf 84' lang='lat' dir='ltr'><strong>exponit</strong></span> <span class='ocrx_word' id='word_1_158' title='bbox 1202 2064 1289 2138; x_wconf 92' lang='lat' dir='ltr'>quasi</span> <span class='ocrx_word' id='word_1_159' title='bbox 1311 2081 1373 2120; x_wconf 90' lang='lat' dir='ltr'><strong>non</strong></span> 
     </span>
     <span class='ocr_line' id='line_1_17' title="bbox 74 2164 1373 2240; baseline 0 -18"><span class='ocrx_word' id='word_1_160' title='bbox 74 2167 193 2224; x_wconf 84' lang='lat' dir='ltr'><strong>licuerit</strong></span> <span class='ocrx_word' id='word_1_161' title='bbox 227 2165 284 2223; x_wconf 89' lang='lat' dir='ltr'><strong>nisi</strong></span> <span class='ocrx_word' id='word_1_162' title='bbox 319 2167 425 2222; x_wconf 89' lang='lat' dir='ltr'><strong>ambos</strong></span> <span class='ocrx_word' id='word_1_163' title='bbox 459 2183 602 2222; x_wconf 78' lang='lat' dir='ltr'><strong>censores</strong></span> <span class='ocrx_word' id='word_1_164' title='bbox 634 2165 763 2240; x_wconf 86' lang='lat' dir='ltr'><strong>lustrare</strong></span> <span class='ocrx_word' id='word_1_165' title='bbox 798 2166 967 2232; x_wconf 87' lang='lat' dir='ltr'><strong>civitatem,</strong></span> <span class='ocrx_word' id='word_1_166' title='bbox 996 2183 1014 2220; x_wconf 90' lang='lat' dir='ltr'><strong>a</strong></span> <span class='ocrx_word' id='word_1_167' title='bbox 1042 2164 1223 2222; x_wconf 89' lang='lat' dir='ltr'><strong>circumlatis</strong></span> <span class='ocrx_word' id='word_1_168' title='bbox 1247 2165 1373 2222; x_wconf 90' lang='lat' dir='ltr'><strong>victimis</strong></span> 
     </span>
     <span class='ocr_line' id='line_1_18' title="bbox 78 2267 1374 2343; baseline -0.001 -20"><span class='ocrx_word' id='word_1_169' title='bbox 78 2268 232 2324; x_wconf 80' lang='lat' dir='ltr'><strong>Ileckerus</strong></span> <span class='ocrx_word' id='word_1_170' title='bbox 264 2270 386 2343; x_wconf 83' lang='lat' dir='ltr'><strong>repetiit</strong></span> <span class='ocrx_word' id='word_1_171' title='bbox 418 2270 511 2342; x_wconf 82' lang='lat' dir='ltr'><strong>antiq.</strong></span> <span class='ocrx_word' id='word_1_172' title='bbox 536 2269 599 2324; x_wconf 75' lang='lat' dir='ltr'><strong>Ha</strong></span> <span class='ocrx_word' id='word_1_173' title='bbox 623 2288 652 2342; x_wconf 90' lang='lat' dir='ltr'><strong>p.</strong></span> <span class='ocrx_word' id='word_1_174' title='bbox 670 2272 731 2327; x_wconf 75' lang='lat'><strong>243</strong></span> <span class='ocrx_word' id='word_1_175' title='bbox 754 2286 934 2343; x_wconf 88' lang='lat' dir='ltr'><strong>comparans</strong></span> <span class='ocrx_word' id='word_1_176' title='bbox 958 2267 1149 2324; x_wconf 89' lang='lat' dir='ltr'><strong>ambarvalia.</strong></span> <span class='ocrx_word' id='word_1_177' title='bbox 1194 2285 1302 2341; x_wconf 85' lang='lat' dir='ltr'><strong>agrum</strong></span> <span class='ocrx_word' id='word_1_178' title='bbox 1324 2268 1374 2340; x_wconf 87' lang='lat' dir='ltr'><strong>qui</strong></span> 
     </span>
     <span class='ocr_line' id='line_1_19' title="bbox 75 2367 1378 2450; baseline 0.001 -28"><span class='ocrx_word' id='word_1_179' title='bbox 75 2367 202 2424; x_wconf 88' lang='lat' dir='ltr'><strong>lustrare</strong></span> <span class='ocrx_word' id='word_1_180' title='bbox 218 2369 308 2435; x_wconf 89' lang='lat' dir='ltr'><strong>volet,</strong></span> <span class='ocrx_word' id='word_1_181' title='bbox 332 2369 501 2425; x_wconf 87' lang='lat' dir='ltr'><strong>secundum</strong></span> <span class='ocrx_word' id='word_1_182' title='bbox 518 2369 669 2424; x_wconf 84' lang='lat' dir='ltr'><strong>Catonem</strong></span> <span class='ocrx_word' id='word_1_183' title='bbox 686 2379 759 2426; x_wconf 91' lang='lat' dir='ltr'><strong>rust.</strong></span> <span class='ocrx_word' id='word_1_184' title='bbox 781 2371 837 2427; x_wconf 81' lang='grc'><strong>141</strong></span> <span class='ocrx_word' id='word_1_185' title='bbox 863 2371 906 2425; x_wconf 85' lang='lat' dir='ltr'><strong>sic</strong></span> <span class='ocrx_word' id='word_1_186' title='bbox 922 2370 1067 2442; x_wconf 88' lang='lat' dir='ltr'><strong>imperat:</strong></span> <span class='ocrx_word' id='word_1_187' title='bbox 1092 2369 1195 2424; x_wconf 81' lang='lat' dir='ltr'><strong>mando</strong></span> <span class='ocrx_word' id='word_1_188' title='bbox 1216 2368 1271 2450; x_wconf 70' lang='lat' dir='ltr'><strong>libi</strong></span> <span class='ocrx_word' id='word_1_189' title='bbox 1284 2367 1378 2423; x_wconf 82' lang='lat' dir='ltr'><strong>Mani</strong></span> 
     </span>
     <span class='ocr_line' id='line_1_20' title="bbox 76 2468 1375 2546; baseline 0.002 -23"><span class='ocrx_word' id='word_1_190' title='bbox 76 2469 123 2523; x_wconf 81' lang='lat' dir='ltr'><strong>uli</strong></span> <span class='ocrx_word' id='word_1_191' title='bbox 143 2469 232 2543; x_wconf 72' lang='lat' dir='ltr'><strong>illaec</strong></span> <span class='ocrx_word' id='word_1_192' title='bbox 253 2470 464 2526; x_wconf 82' lang='lat' dir='ltr'><strong>ruovz&#39;luurr&#39;lt&#39;a</strong></span> <span class='ocrx_word' id='word_1_193' title='bbox 477 2468 610 2546; x_wconf 81' lang='lat' dir='ltr'><strong>fundunt</strong></span> <span class='ocrx_word' id='word_1_194' title='bbox 634 2489 740 2544; x_wconf 84' lang='lat' dir='ltr'><strong>agrum</strong></span> <span class='ocrx_word' id='word_1_195' title='bbox 763 2477 927 2543; x_wconf 80' lang='lat' dir='ltr'><strong>terramque</strong></span> <span class='ocrx_word' id='word_1_196' title='bbox 941 2489 1029 2526; x_wconf 74' lang='lat' dir='ltr'><strong>nicom</strong></span> <span class='ocrx_word' id='word_1_197' title='bbox 1047 2476 1130 2542; x_wconf 82' lang='lat' dir='ltr'><strong>quola</strong></span> <span class='ocrx_word' id='word_1_198' title='bbox 1146 2487 1186 2525; x_wconf 78' lang='lat' dir='ltr'><strong>ex</strong></span> <span class='ocrx_word' id='word_1_199' title='bbox 1205 2476 1293 2542; x_wconf 78' lang='lat' dir='ltr'><strong>parte</strong></span> <span class='ocrx_word' id='word_1_200' title='bbox 1315 2472 1375 2527; x_wconf 66' lang='grc' dir='ltr'>τινα</span> 
     </span>
     <span class='ocr_line' id='line_1_21' title="bbox 75 2569 1374 2648; baseline 0.002 -22"><span class='ocrx_word' id='word_1_201' title='bbox 75 2571 240 2643; x_wconf 79' lang='lat' dir='ltr'><strong>circumagi</strong></span> <span class='ocrx_word' id='word_1_202' title='bbox 269 2571 328 2626; x_wconf 81' lang='lat' dir='ltr'><strong>sive</strong></span> <span class='ocrx_word' id='word_1_203' title='bbox 362 2569 592 2648; x_wconf 82' lang='lat' dir='ltr'><strong>cz&#39;rcurnserenda</strong></span> <span class='ocrx_word' id='word_1_204' title='bbox 615 2591 739 2638; x_wconf 79' lang='lat' dir='ltr'><strong>censeas,</strong></span> <span class='ocrx_word' id='word_1_205' title='bbox 770 2573 815 2626; x_wconf 80' lang='lat' dir='ltr'><strong>uli</strong></span> <span class='ocrx_word' id='word_1_206' title='bbox 840 2590 921 2626; x_wconf 82' lang='lat' dir='ltr'><strong>cures</strong></span> <span class='ocrx_word' id='word_1_207' title='bbox 945 2572 1082 2627; x_wconf 80' lang='lat' dir='ltr'><strong>lustrare.</strong></span> <span class='ocrx_word' id='word_1_208' title='bbox 1127 2572 1374 2628; x_wconf 86' lang='lat' dir='ltr'><strong>suovitaurilibus</strong></span> 
     </span>
     <span class='ocr_line' id='line_1_22' title="bbox 75 2671 1374 2746; baseline 0.002 -19"><span class='ocrx_word' id='word_1_209' title='bbox 75 2679 179 2727; x_wconf 89' lang='lat' dir='ltr'><strong>tamen</strong></span> <span class='ocrx_word' id='word_1_210' title='bbox 209 2671 325 2744; x_wconf 83' lang='lat' dir='ltr'><strong>Iguvini</strong></span> <span class='ocrx_word' id='word_1_211' title='bbox 349 2673 425 2728; x_wconf 85' lang='lat' dir='ltr'><strong>arcis</strong></span> <span class='ocrx_word' id='word_1_212' title='bbox 449 2673 574 2746; x_wconf 89' lang='lat' dir='ltr'><strong>quidem</strong></span> <span class='ocrx_word' id='word_1_213' title='bbox 597 2673 770 2746; x_wconf 86' lang='lat' dir='ltr'><strong>expiandae</strong></span> <span class='ocrx_word' id='word_1_214' title='bbox 793 2690 885 2728; x_wconf 90' lang='lat' dir='ltr'><strong>causa</strong></span> <span class='ocrx_word' id='word_1_215' title='bbox 909 2681 1033 2728; x_wconf 88' lang='lat' dir='ltr'><strong>utuntur</strong></span> <span class='ocrx_word' id='word_1_216' title='bbox 1056 2674 1112 2728; x_wconf 89' lang='lat' dir='ltr'><strong>sed</strong></span> <span class='ocrx_word' id='word_1_217' title='bbox 1141 2691 1203 2729; x_wconf 91' lang='lat' dir='ltr'><strong>non</strong></span> <span class='ocrx_word' id='word_1_218' title='bbox 1225 2673 1374 2730; x_wconf 90' lang='lat' dir='ltr'><strong>lustrandi</strong></span> 
     </span>
     <span class='ocr_line' id='line_1_23' title="bbox 75 2772 1374 2849; baseline 0.004 -23"><span class='ocrx_word' id='word_1_219' title='bbox 75 2772 191 2846; x_wconf 90' lang='lat' dir='ltr'><strong>populi,</strong></span> <span class='ocrx_word' id='word_1_220' title='bbox 215 2781 298 2828; x_wconf 89' lang='lat' dir='ltr'><strong>certe</strong></span> <span class='ocrx_word' id='word_1_221' title='bbox 325 2773 354 2828; x_wconf 92' lang='lat' dir='ltr'><strong>in</strong></span> <span class='ocrx_word' id='word_1_222' title='bbox 381 2772 470 2830; x_wconf 91' lang='lat' dir='ltr'><strong>huius</strong></span> <span class='ocrx_word' id='word_1_223' title='bbox 492 2775 698 2831; x_wconf 86' lang='lat' dir='ltr'><strong>caerimoniae</strong></span> <span class='ocrx_word' id='word_1_224' title='bbox 723 2774 929 2847; x_wconf 83' lang='lat' dir='ltr'><strong>descriptione</strong></span> <span class='ocrx_word' id='word_1_225' title='bbox 952 2773 1073 2832; x_wconf 91' lang='lat' dir='ltr'><strong>ovillum</strong></span> <span class='ocrx_word' id='word_1_226' title='bbox 1103 2792 1199 2849; x_wconf 89' lang='lat' dir='ltr'><strong>pecus</strong></span> <span class='ocrx_word' id='word_1_227' title='bbox 1223 2791 1374 2848; x_wconf 89' lang='lat' dir='ltr'><strong>nusquam</strong></span> 
     </span>
     <span class='ocr_line' id='line_1_24' title="bbox 76 2876 1373 2949; baseline 0.003 -20"><span class='ocrx_word' id='word_1_228' title='bbox 76 2882 340 2931; x_wconf 89' lang='lat' dir='ltr'><strong>commemoratur.</strong></span> <span class='ocrx_word' id='word_1_229' title='bbox 385 2877 520 2949; x_wconf 89' lang='lat' dir='ltr'><strong>denique</strong></span> <span class='ocrx_word' id='word_1_230' title='bbox 543 2876 589 2930; x_wconf 89' lang='lat' dir='ltr'><strong>vix</strong></span> <span class='ocrx_word' id='word_1_231' title='bbox 621 2876 747 2931; x_wconf 90' lang='lat' dir='ltr'><strong>dubium</strong></span> <span class='ocrx_word' id='word_1_232' title='bbox 770 2885 817 2931; x_wconf 88' lang='lat' dir='ltr'><strong>est</strong></span> <span class='ocrx_word' id='word_1_233' title='bbox 840 2876 913 2949; x_wconf 91' lang='lat' dir='ltr'><strong>quin</strong></span> <span class='ocrx_word' id='word_1_234' title='bbox 937 2894 1055 2932; x_wconf 91' lang='lat' dir='ltr'><strong>summa</strong></span> <span class='ocrx_word' id='word_1_235' title='bbox 1077 2877 1306 2934; x_wconf 88' lang='lat' dir='ltr'><strong>necessitudine</strong></span> <span class='ocrx_word' id='word_1_236' title='bbox 1330 2877 1373 2933; x_wconf 88' lang='lat' dir='ltr'><strong>fe-</strong></span> 
     </span>
     <span class='ocr_line' id='line_1_25' title="bbox 75 2973 1375 3051; baseline 0.001 -21"><span class='ocrx_word' id='word_1_237' title='bbox 75 2975 163 3031; x_wconf 87' lang='lat' dir='ltr'><strong>rendi</strong></span> <span class='ocrx_word' id='word_1_238' title='bbox 191 2976 314 3033; x_wconf 91' lang='lat' dir='ltr'><strong>verbum</strong></span> <span class='ocrx_word' id='word_1_239' title='bbox 344 2977 418 3033; x_wconf 93' lang='lat' dir='ltr'><strong>illud</strong></span> <span class='ocrx_word' id='word_1_240' title='bbox 455 2977 622 3049; x_wconf 86' lang='lat' dir='ltr'><strong>attingant.</strong></span> <span class='ocrx_word' id='word_1_241' title='bbox 639 2977 731 3033; x_wconf 87' lang='lat' dir='ltr'><strong>etiam</strong></span> <span class='ocrx_word' id='word_1_242' title='bbox 754 2973 918 3050; x_wconf 86' lang='grc' dir='ltr'>φαρμακοί</span> <span class='ocrx_word' id='word_1_243' title='bbox 941 2979 992 3051; x_wconf 91' lang='lat' dir='ltr'><strong>qui</strong></span> <span class='ocrx_word' id='word_1_244' title='bbox 1016 2977 1144 3034; x_wconf 87' lang='lat' dir='ltr'><strong>Athenis</strong></span> <span class='ocrx_word' id='word_1_245' title='bbox 1166 2978 1375 3035; x_wconf 83' lang='lat' dir='ltr'><strong>circumduce-</strong></span> 
     </span>
     <span class='ocr_line' id='line_1_26' title="bbox 76 3075 574 3150; baseline 0.01 -20"><span class='ocrx_word' id='word_1_246' title='bbox 76 3075 188 3132; x_wconf 91' lang='lat' dir='ltr'><strong>bantur</strong></span> <span class='ocrx_word' id='word_1_247' title='bbox 209 3085 412 3150; x_wconf 83' lang='lat' dir='ltr'><strong>purgamenta</strong></span> <span class='ocrx_word' id='word_1_248' title='bbox 434 3076 574 3135; x_wconf 78' lang='lat' dir='ltr'><strong>civitatis,</strong></span> 
     </span>
    </p>

    <p class='ocr_par' dir='ltr' id='par_1_4' title="bbox 74 3177 1419 4774">
     <span class='ocr_line' id='line_1_27' title="bbox 176 3177 1373 3239; baseline 0.002 -5"><span class='ocrx_word' id='word_1_249' title='bbox 176 3179 216 3234; x_wconf 79' lang='lat'><strong>48</strong></span> <span class='ocrx_word' id='word_1_250' title='bbox 238 3196 347 3232; x_wconf 85' lang='lat' dir='ltr'><strong>sururo</strong></span> <span class='ocrx_word' id='word_1_251' title='bbox 370 3177 483 3234; x_wconf 87' lang='lat' dir='ltr'><strong>factum</strong></span> <span class='ocrx_word' id='word_1_252' title='bbox 507 3185 613 3234; x_wconf 86' lang='lat' dir='ltr'><strong>estex</strong></span> <span class='ocrx_word' id='word_1_253' title='bbox 636 3185 780 3236; x_wconf 78' lang='lat' dir='ltr'><strong>rurrrronl</strong></span> <span class='ocrx_word' id='word_1_254' title='bbox 801 3180 919 3237; x_wconf 89' lang='lat' dir='ltr'><strong>detritis</strong></span> <span class='ocrx_word' id='word_1_255' title='bbox 942 3181 1082 3239; x_wconf 87' lang='lat' dir='ltr'><strong>finalibus</strong></span> <span class='ocrx_word' id='word_1_256' title='bbox 1100 3191 1132 3238; x_wconf 91' lang='lat' dir='ltr'><strong>ut</strong></span> <span class='ocrx_word' id='word_1_257' title='bbox 1148 3183 1235 3236; x_wconf 80' lang='lat' dir='ltr'><strong>dedra</strong></span> <span class='ocrx_word' id='word_1_258' title='bbox 1258 3181 1287 3236; x_wconf 91' lang='lat' dir='ltr'><strong>in</strong></span> <span class='ocrx_word' id='word_1_259' title='bbox 1310 3199 1373 3236; x_wconf 94' lang='lat' dir='ltr'><strong>ma·</strong></span> 
     </span>
     <span class='ocr_line' id='line_1_28' title="bbox 77 3276 1374 3340; baseline 0.002 -8"><span class='ocrx_word' id='word_1_260' title='bbox 77 3286 233 3332; x_wconf 88' lang='lat' dir='ltr'><strong>tronarum</strong></span> <span class='ocrx_word' id='word_1_261' title='bbox 256 3276 482 3334; x_wconf 86' lang='lat' dir='ltr'><strong>Pisaurensium</strong></span> <span class='ocrx_word' id='word_1_262' title='bbox 506 3279 594 3334; x_wconf 90' lang='lat' dir='ltr'><strong>titulo</strong></span> <span class='ocrx_word' id='word_1_263' title='bbox 615 3278 691 3337; x_wconf 85' lang='lat' dir='ltr'>CIL.</span> <span class='ocrx_word' id='word_1_264' title='bbox 715 3279 802 3338; x_wconf 76' lang='lat'>1177</span> <span class='ocrx_word' id='word_1_265' title='bbox 826 3299 864 3335; x_wconf 87' lang='lat' dir='ltr'><strong>ex</strong></span> <span class='ocrx_word' id='word_1_266' title='bbox 888 3282 1030 3340; x_wconf 80' lang='lat' dir='ltr'><strong>dederont.</strong></span> <span class='ocrx_word' id='word_1_267' title='bbox 1076 3289 1211 3338; x_wconf 82' lang='lat' dir='ltr'><strong>extrema</strong></span> <span class='ocrx_word' id='word_1_268' title='bbox 1235 3280 1374 3338; x_wconf 81' lang='lat' dir='ltr'><strong>vocabuli</strong></span> 
     </span>
     <span class='ocr_line' id='line_1_29' title="bbox 76 3377 1375 3457; baseline 0.004 -25"><span class='ocrx_word' id='word_1_269' title='bbox 76 3395 147 3451; x_wconf 88' lang='lat' dir='ltr'><strong>pars</strong></span> <span class='ocrx_word' id='word_1_270' title='bbox 169 3377 301 3456; x_wconf 80' lang='lat' dir='ltr'><strong>estfonl</strong></span> <span class='ocrx_word' id='word_1_271' title='bbox 321 3387 373 3435; x_wconf 86' lang='lat' dir='ltr'><strong>aut</strong></span> <span class='ocrx_word' id='word_1_272' title='bbox 403 3380 666 3453; x_wconf 90' lang='lat' dir='ltr'><strong>quemadmodum</strong></span> <span class='ocrx_word' id='word_1_273' title='bbox 698 3382 788 3438; x_wconf 91' lang='lat' dir='ltr'><strong>solita</strong></span> <span class='ocrx_word' id='word_1_274' title='bbox 822 3391 870 3438; x_wconf 90' lang='lat' dir='ltr'><strong>est</strong></span> <span class='ocrx_word' id='word_1_275' title='bbox 900 3384 1008 3439; x_wconf 90' lang='lat' dir='ltr'><strong>mutari</strong></span> <span class='ocrx_word' id='word_1_276' title='bbox 1031 3382 1102 3439; x_wconf 78' lang='lat' dir='ltr'><strong>hon!</strong></span> <span class='ocrx_word' id='word_1_277' title='bbox 1133 3401 1212 3457; x_wconf 85' lang='lat' dir='ltr'><strong>quae</strong></span> <span class='ocrx_word' id='word_1_278' title='bbox 1246 3383 1375 3440; x_wconf 90' lang='lat' dir='ltr'><strong>adicitur</strong></span> 
     </span>
     <span class='ocr_line' id='line_1_30' title="bbox 75 3479 1376 3562; baseline 0.004 -29"><span class='ocrx_word' id='word_1_279' title='bbox 75 3479 306 3551; x_wconf 90' lang='lat' dir='ltr'><strong>pronominibus</strong></span> <span class='ocrx_word' id='word_1_280' title='bbox 330 3479 370 3534; x_wconf 89' lang='lat' dir='ltr'><strong>ad</strong></span> <span class='ocrx_word' id='word_1_281' title='bbox 393 3479 626 3554; x_wconf 84' lang='lat' dir='ltr'><strong>significandam</strong></span> <span class='ocrx_word' id='word_1_282' title='bbox 649 3483 867 3557; x_wconf 88' lang='lat' dir='ltr'><strong>aequalitatem</strong></span> <span class='ocrx_word' id='word_1_283' title='bbox 890 3479 956 3558; x_wconf 81' lang='lat' dir='ltr'><strong>(era</strong></span> <span class='ocrx_word' id='word_1_284' title='bbox 978 3483 1029 3542; x_wconf 91' lang='lat' dir='ltr'><strong>lat.</strong></span> <span class='ocrx_word' id='word_1_285' title='bbox 1047 3502 1089 3555; x_wconf 84' lang='lat' dir='ltr'><strong>ea,</strong></span> <span class='ocrx_word' id='word_1_286' title='bbox 1115 3483 1233 3562; x_wconf 79' lang='lat' dir='ltr'><strong>erasonl</strong></span> <span class='ocrx_word' id='word_1_287' title='bbox 1250 3483 1376 3539; x_wconf 77' lang='lat' dir='ltr'><strong>arabunt</strong></span> 
     </span>
     <span class='ocr_line' id='line_1_31' title="bbox 76 3579 1373 3657; baseline 0.005 -24"><span class='ocrx_word' id='word_1_288' title='bbox 76 3579 125 3636; x_wconf 88' lang='lat' dir='ltr'><strong>lat.</strong></span> <span class='ocrx_word' id='word_1_289' title='bbox 149 3579 266 3652; x_wconf 84' lang='lat' dir='ltr'><strong>eadem).</strong></span> <span class='ocrx_word' id='word_1_290' title='bbox 312 3581 433 3654; x_wconf 92' lang='lat' dir='ltr'><strong>spiritus</strong></span> <span class='ocrx_word' id='word_1_291' title='bbox 456 3583 535 3655; x_wconf 87' lang='lat' dir='ltr'><strong>perit</strong></span> <span class='ocrx_word' id='word_1_292' title='bbox 558 3582 751 3657; x_wconf 88' lang='lat' dir='ltr'><strong>plerumque,</strong></span> <span class='ocrx_word' id='word_1_293' title='bbox 785 3593 900 3641; x_wconf 90' lang='lat' dir='ltr'><strong>coeunt</strong></span> <span class='ocrx_word' id='word_1_294' title='bbox 929 3585 1021 3642; x_wconf 91' lang='lat' dir='ltr'><strong>etiam</strong></span> <span class='ocrx_word' id='word_1_295' title='bbox 1043 3585 1165 3641; x_wconf 89' lang='lat' dir='ltr'><strong>vocales</strong></span> <span class='ocrx_word' id='word_1_296' title='bbox 1188 3584 1373 3641; x_wconf 89' lang='lat' dir='ltr'><strong>contrahun-</strong></span> 
     </span>
     <span class='ocr_line' id='line_1_32' title="bbox 77 3674 1371 3764; baseline 0.002 -29"><span class='ocrx_word' id='word_1_297' title='bbox 77 3688 185 3753; x_wconf 90' lang='lat' dir='ltr'><strong>turque</strong></span> <span class='ocrx_word' id='word_1_298' title='bbox 219 3679 355 3754; x_wconf 84' lang='lat' dir='ltr'><strong>syllabae</strong></span> <span class='ocrx_word' id='word_1_299' title='bbox 382 3690 416 3737; x_wconf 92' lang='lat' dir='ltr'><strong>ut</strong></span> <span class='ocrx_word' id='word_1_300' title='bbox 449 3674 528 3759; x_wconf 79' lang='lat' dir='ltr'><strong>isonl</strong></span> <span class='ocrx_word' id='word_1_301' title='bbox 559 3683 608 3742; x_wconf 90' lang='lat' dir='ltr'><strong>lat.</strong></span> <span class='ocrx_word' id='word_1_302' title='bbox 636 3684 740 3740; x_wconf 77' lang='lat' dir='ltr'><strong>ibidem</strong></span> <span class='ocrx_word' id='word_1_303' title='bbox 764 3694 864 3741; x_wconf 91' lang='lat' dir='ltr'><strong>ortum</strong></span> <span class='ocrx_word' id='word_1_304' title='bbox 887 3695 934 3743; x_wconf 89' lang='lat' dir='ltr'><strong>est</strong></span> <span class='ocrx_word' id='word_1_305' title='bbox 957 3687 995 3742; x_wconf 92' lang='lat' dir='ltr'><strong>ab</strong></span> <span class='ocrx_word' id='word_1_306' title='bbox 1018 3685 1067 3764; x_wconf 64' lang='lat' dir='ltr'><strong>ase.</strong></span> <span class='ocrx_word' id='word_1_307' title='bbox 1114 3687 1173 3741; x_wconf 92' lang='lat' dir='ltr'><strong>iam</strong></span> <span class='ocrx_word' id='word_1_308' title='bbox 1201 3702 1293 3739; x_wconf 86' lang='lat' dir='ltr'><strong>surur</strong></span> <span class='ocrx_word' id='word_1_309' title='bbox 1326 3684 1371 3740; x_wconf 92' lang='lat' dir='ltr'><strong>vel</strong></span> 
     </span>
     <span class='ocr_line' id='line_1_33' title="bbox 74 3782 1372 3864; baseline 0.006 -28"><span class='ocrx_word' id='word_1_310' title='bbox 74 3800 165 3836; x_wconf 83' lang='lat' dir='ltr'><strong>suror</strong></span> <span class='ocrx_word' id='word_1_311' title='bbox 187 3782 324 3838; x_wconf 93' lang='lat' dir='ltr'><strong>adverbii</strong></span> <span class='ocrx_word' id='word_1_312' title='bbox 353 3782 450 3840; x_wconf 81' lang='lat' dir='ltr'><strong>torma</strong></span> <span class='ocrx_word' id='word_1_313' title='bbox 482 3785 657 3860; x_wconf 90' lang='lat' dir='ltr'><strong>principalis</strong></span> <span class='ocrx_word' id='word_1_314' title='bbox 688 3805 758 3843; x_wconf 89' lang='lat' dir='ltr'><strong>cum</strong></span> <span class='ocrx_word' id='word_1_315' title='bbox 792 3789 918 3861; x_wconf 90' lang='lat' dir='ltr'><strong>antiquo</strong></span> <span class='ocrx_word' id='word_1_316' title='bbox 941 3789 1052 3846; x_wconf 90' lang='lat' dir='ltr'><strong>sororis</strong></span> <span class='ocrx_word' id='word_1_317' title='bbox 1074 3788 1199 3845; x_wconf 91' lang='lat' dir='ltr'><strong>nomine</strong></span> <span class='ocrx_word' id='word_1_318' title='bbox 1220 3788 1372 3864; x_wconf 82' lang='lat' dir='ltr'><strong>convenit,</strong></span> 
     </span>
     <span class='ocr_line' id='line_1_34' title="bbox 75 3885 1371 3964; baseline 0.002 -24"><span class='ocrx_word' id='word_1_319' title='bbox 75 3885 133 3940; x_wconf 90' lang='lat' dir='ltr'><strong>nisi</strong></span> <span class='ocrx_word' id='word_1_320' title='bbox 156 3886 241 3958; x_wconf 91' lang='lat' dir='ltr'><strong>quod</strong></span> <span class='ocrx_word' id='word_1_321' title='bbox 264 3886 510 3942; x_wconf 87' lang='lat' dir='ltr'><strong>terminationem</strong></span> <span class='ocrx_word' id='word_1_322' title='bbox 532 3907 549 3942; x_wconf 88' lang='lat' dir='ltr'><strong>r</strong></span> <span class='ocrx_word' id='word_1_323' title='bbox 571 3888 668 3946; x_wconf 92' lang='lat' dir='ltr'><strong>finalis</strong></span> <span class='ocrx_word' id='word_1_324' title='bbox 691 3889 826 3962; x_wconf 87' lang='lat' dir='ltr'><strong>genetivi</strong></span> <span class='ocrx_word' id='word_1_325' title='bbox 850 3907 938 3946; x_wconf 89' lang='lat' dir='ltr'><strong>casus</strong></span> <span class='ocrx_word' id='word_1_326' title='bbox 955 3891 1067 3964; x_wconf 87' lang='lat' dir='ltr'><strong>prodit.</strong></span> <span class='ocrx_word' id='word_1_327' title='bbox 1109 3889 1300 3946; x_wconf 85' lang='lat' dir='ltr'><strong>descendere</strong></span> <span class='ocrx_word' id='word_1_328' title='bbox 1318 3889 1371 3962; x_wconf 87' lang='lat' dir='ltr'><strong>igi-</strong></span> 
     </span>
     <span class='ocr_line' id='line_1_35' title="bbox 76 3984 1373 4065; baseline 0.003 -24"><span class='ocrx_word' id='word_1_329' title='bbox 76 3994 125 4041; x_wconf 88' lang='lat' dir='ltr'><strong>tur</strong></span> <span class='ocrx_word' id='word_1_330' title='bbox 146 3984 218 4041; x_wconf 91' lang='lat' dir='ltr'><strong>mihi</strong></span> <span class='ocrx_word' id='word_1_331' title='bbox 241 3985 359 4042; x_wconf 90' lang='lat' dir='ltr'><strong>videtur</strong></span> <span class='ocrx_word' id='word_1_332' title='bbox 383 3986 421 4041; x_wconf 89' lang='lat' dir='ltr'><strong>ab</strong></span> <span class='ocrx_word' id='word_1_333' title='bbox 444 3988 494 4043; x_wconf 92' lang='lat' dir='ltr'><strong>illa</strong></span> <span class='ocrx_word' id='word_1_334' title='bbox 517 3989 610 4061; x_wconf 88' lang='lat' dir='ltr'><strong>stirpe</strong></span> <span class='ocrx_word' id='word_1_335' title='bbox 633 4007 713 4064; x_wconf 89' lang='lat' dir='ltr'><strong>quae</strong></span> <span class='ocrx_word' id='word_1_336' title='bbox 737 3991 845 4046; x_wconf 84' lang='lat' dir='ltr'><strong>tertiae</strong></span> <span class='ocrx_word' id='word_1_337' title='bbox 868 4006 1019 4064; x_wconf 88' lang='lat' dir='ltr'><strong>personae</strong></span> <span class='ocrx_word' id='word_1_338' title='bbox 1042 3990 1222 4064; x_wconf 90' lang='lat' dir='ltr'><strong>pronomina</strong></span> <span class='ocrx_word' id='word_1_339' title='bbox 1244 3991 1373 4065; x_wconf 89' lang='lat' dir='ltr'><strong>peperit,</strong></span> 
     </span>
     <span class='ocr_line' id='line_1_36' title="bbox 76 4086 1371 4169; baseline 0.004 -26"><span class='ocrx_word' id='word_1_340' title='bbox 76 4104 157 4162; x_wconf 92' lang='lat' dir='ltr'><strong>quae</strong></span> <span class='ocrx_word' id='word_1_341' title='bbox 178 4088 334 4161; x_wconf 86' lang='lat' dir='ltr'><strong>geminata</strong></span> <span class='ocrx_word' id='word_1_342' title='bbox 367 4096 414 4167; x_wconf 87' lang='lat' dir='ltr'><strong>est</strong></span> <span class='ocrx_word' id='word_1_343' title='bbox 437 4091 475 4146; x_wconf 88' lang='lat' dir='ltr'><strong>ab</strong></span> <span class='ocrx_word' id='word_1_344' title='bbox 499 4089 619 4147; x_wconf 89' lang='lat' dir='ltr'><strong>Vmbris</strong></span> <span class='ocrx_word' id='word_1_345' title='bbox 653 4093 746 4149; x_wconf 89' lang='lat' dir='ltr'><strong>etiam</strong></span> <span class='ocrx_word' id='word_1_346' title='bbox 779 4093 809 4147; x_wconf 92' lang='lat' dir='ltr'><strong>in</strong></span> <span class='ocrx_word' id='word_1_347' title='bbox 840 4103 900 4147; x_wconf 76' lang='lat' dir='ltr'><strong>sero</strong></span> <span class='ocrx_word' id='word_1_348' title='bbox 931 4086 993 4169; x_wconf 86' lang='lat' dir='ltr'><strong>(lat.</strong></span> <span class='ocrx_word' id='word_1_349' title='bbox 1018 4089 1086 4165; x_wconf 68' lang='lat' dir='ltr'><strong>siti)</strong></span> <span class='ocrx_word' id='word_1_350' title='bbox 1120 4101 1152 4148; x_wconf 90' lang='lat' dir='ltr'><strong>et</strong></span> <span class='ocrx_word' id='word_1_351' title='bbox 1182 4110 1260 4148; x_wconf 79' lang='lat' dir='ltr'><strong>svesa</strong></span> <span class='ocrx_word' id='word_1_352' title='bbox 1283 4089 1371 4166; x_wconf 79' lang='lat' dir='ltr'><strong>(suo).</strong></span> 
     </span>
     <span class='ocr_line' id='line_1_37' title="bbox 74 4188 1373 4269; baseline 0.005 -26"><span class='ocrx_word' id='word_1_353' title='bbox 74 4188 215 4244; x_wconf 86' lang='lat' dir='ltr'><strong>indidem</strong></span> <span class='ocrx_word' id='word_1_354' title='bbox 249 4188 349 4246; x_wconf 92' lang='lat' dir='ltr'><strong>Latini</strong></span> <span class='ocrx_word' id='word_1_355' title='bbox 384 4200 416 4247; x_wconf 91' lang='lat' dir='ltr'><strong>et</strong></span> <span class='ocrx_word' id='word_1_356' title='bbox 448 4193 525 4246; x_wconf 83' lang='lat' dir='ltr'><strong>suad</strong></span> <span class='ocrx_word' id='word_1_357' title='bbox 552 4193 729 4250; x_wconf 90' lang='lat' dir='ltr'><strong>derivarunt</strong></span> <span class='ocrx_word' id='word_1_358' title='bbox 762 4194 848 4268; x_wconf 92' lang='lat' dir='ltr'><strong>quod</strong></span> <span class='ocrx_word' id='word_1_359' title='bbox 879 4195 921 4249; x_wconf 82' lang='lat' dir='ltr'><strong>sic</strong></span> <span class='ocrx_word' id='word_1_360' title='bbox 949 4211 1017 4249; x_wconf 88' lang='lat' dir='ltr'><strong>esse</strong></span> <span class='ocrx_word' id='word_1_361' title='bbox 1046 4193 1190 4250; x_wconf 87' lang='lat' dir='ltr'><strong>Messalla</strong></span> <span class='ocrx_word' id='word_1_362' title='bbox 1213 4193 1254 4250; x_wconf 91' lang='lat' dir='ltr'><strong>ait</strong></span> <span class='ocrx_word' id='word_1_363' title='bbox 1289 4195 1373 4269; x_wconf 91' lang='lat' dir='ltr'><strong>apud</strong></span> 
     </span>
     <span class='ocr_line' id='line_1_38' title="bbox 76 4291 1372 4370; baseline 0.005 -23"><span class='ocrx_word' id='word_1_364' title='bbox 76 4291 204 4348; x_wconf 89' lang='lat' dir='ltr'><strong>Festum</strong></span> <span class='ocrx_word' id='word_1_365' title='bbox 225 4309 254 4365; x_wconf 92' lang='lat' dir='ltr'><strong>p.</strong></span> <span class='ocrx_word' id='word_1_366' title='bbox 271 4294 328 4350; x_wconf 83' lang='lat'><strong>351</strong></span> <span class='ocrx_word' id='word_1_367' title='bbox 353 4303 385 4350; x_wconf 92' lang='lat' dir='ltr'><strong>et</strong></span> <span class='ocrx_word' id='word_1_368' title='bbox 408 4294 507 4367; x_wconf 89' lang='lat' dir='ltr'><strong>ipsum</strong></span> <span class='ocrx_word' id='word_1_369' title='bbox 528 4294 588 4352; x_wconf 89' lang='lat' dir='ltr'><strong>hoc</strong></span> <span class='ocrx_word' id='word_1_370' title='bbox 609 4297 665 4351; x_wconf 83' lang='lat' dir='ltr'><strong>ser&#39;c</strong></span> <span class='ocrx_word' id='word_1_371' title='bbox 688 4305 719 4352; x_wconf 90' lang='lat' dir='ltr'><strong>et</strong></span> <span class='ocrx_word' id='word_1_372' title='bbox 741 4296 826 4369; x_wconf 88' lang='lat' dir='ltr'><strong>quod</strong></span> <span class='ocrx_word' id='word_1_373' title='bbox 850 4295 1033 4353; x_wconf 88' lang='lat' dir='ltr'><strong>simillimum</strong></span> <span class='ocrx_word' id='word_1_374' title='bbox 1048 4305 1123 4370; x_wconf 91' lang='lat' dir='ltr'><strong>puto</strong></span> <span class='ocrx_word' id='word_1_375' title='bbox 1139 4303 1227 4351; x_wconf 90' lang='lat' dir='ltr'><strong>vetus</strong></span> <span class='ocrx_word' id='word_1_376' title='bbox 1247 4295 1372 4353; x_wconf 90' lang='lat' dir='ltr'><strong>verbum</strong></span> 
     </span>
     <span class='ocr_line' id='line_1_39' title="bbox 74 4394 1419 4470; baseline 0.002 -20"><span class='ocrx_word' id='word_1_377' title='bbox 74 4394 128 4450; x_wconf 93' lang='lat' dir='ltr'><strong>diu</strong></span> <span class='ocrx_word' id='word_1_378' title='bbox 152 4399 304 4449; x_wconf 90' lang='lat' dir='ltr'><strong>servatum</strong></span> <span class='ocrx_word' id='word_1_379' title='bbox 326 4394 356 4450; x_wconf 91' lang='lat' dir='ltr'><strong>in</strong></span> <span class='ocrx_word' id='word_1_380' title='bbox 381 4395 497 4468; x_wconf 85' lang='lat' dir='ltr'><strong>legibus</strong></span> <span class='ocrx_word' id='word_1_381' title='bbox 522 4414 592 4452; x_wconf 91' lang='lat' dir='ltr'><strong>cum</strong></span> <span class='ocrx_word' id='word_1_382' title='bbox 614 4397 644 4451; x_wconf 93' lang='lat' dir='ltr'><strong>in</strong></span> <span class='ocrx_word' id='word_1_383' title='bbox 668 4415 723 4453; x_wconf 92' lang='lat' dir='ltr'><strong>usu</strong></span> <span class='ocrx_word' id='word_1_384' title='bbox 747 4397 861 4470; x_wconf 86' lang='lat' dir='ltr'><strong>volgari</strong></span> <span class='ocrx_word' id='word_1_385' title='bbox 891 4405 962 4470; x_wconf 90' lang='lat' dir='ltr'><strong>post</strong></span> <span class='ocrx_word' id='word_1_386' title='bbox 993 4397 1075 4453; x_wconf 93' lang='lat' dir='ltr'><strong>bella</strong></span> <span class='ocrx_word' id='word_1_387' title='bbox 1113 4396 1248 4454; x_wconf 88' lang='lat' dir='ltr'><strong>Poenica</strong></span> <span class='ocrx_word' id='word_1_388' title='bbox 1269 4396 1373 4453; x_wconf 88' lang='lat' dir='ltr'><strong>exole·</strong></span> <span class='ocrx_word' id='word_1_389' title='bbox 1417 4456 1419 4460; x_wconf 73' lang='grc'>,</span> 
     </span>
     <span class='ocr_line' id='line_1_40' title="bbox 74 4494 1375 4569; baseline 0.005 -20"><span class='ocrx_word' id='word_1_390' title='bbox 74 4495 178 4560; x_wconf 90' lang='lat' dir='ltr'><strong>visset,</strong></span> <span class='ocrx_word' id='word_1_391' title='bbox 200 4494 339 4566; x_wconf 82' lang='lat' dir='ltr'><strong>sr&#39;rempse.</strong></span> <span class='ocrx_word' id='word_1_392' title='bbox 384 4496 458 4569; x_wconf 57' lang='lat' dir='ltr'><strong>quia,</strong></span> <span class='ocrx_word' id='word_1_393' title='bbox 471 4497 552 4553; x_wconf 90' lang='lat' dir='ltr'><strong>enim</strong></span> <span class='ocrx_word' id='word_1_394' title='bbox 575 4498 688 4554; x_wconf 91' lang='lat' dir='ltr'><strong>nullam</strong></span> <span class='ocrx_word' id='word_1_395' title='bbox 705 4497 796 4554; x_wconf 89' lang='lat' dir='ltr'><strong>aliam</strong></span> <span class='ocrx_word' id='word_1_396' title='bbox 812 4498 870 4552; x_wconf 91' lang='lat' dir='ltr'><strong>vim</strong></span> <span class='ocrx_word' id='word_1_397' title='bbox 893 4497 953 4555; x_wconf 93' lang='lat' dir='ltr'><strong>hoc</strong></span> <span class='ocrx_word' id='word_1_398' title='bbox 969 4499 1148 4555; x_wconf 90' lang='lat' dir='ltr'><strong>adverbium</strong></span> <span class='ocrx_word' id='word_1_399' title='bbox 1173 4499 1266 4555; x_wconf 91' lang='lat' dir='ltr'><strong>habet</strong></span> <span class='ocrx_word' id='word_1_400' title='bbox 1281 4513 1375 4569; x_wconf 91' lang='lat' dir='ltr'><strong>quam</strong></span> 
     </span>
     <span class='ocr_line' id='line_1_41' title="bbox 74 4596 1380 4676; baseline 0.002 -23"><span class='ocrx_word' id='word_1_401' title='bbox 74 4597 125 4654; x_wconf 89' lang='lat' dir='ltr'><strong>illa</strong></span> <span class='ocrx_word' id='word_1_402' title='bbox 148 4597 211 4650; x_wconf 79' lang='lat' dir='ltr'><strong>item</strong></span> <span class='ocrx_word' id='word_1_403' title='bbox 233 4596 367 4652; x_wconf 80' lang='lat' dir='ltr'><strong>sr&#39;rnilr&#39;ter</strong></span> <span class='ocrx_word' id='word_1_404' title='bbox 384 4599 518 4670; x_wconf 83' lang='lat' dir='ltr'><strong>proinde,</strong></span> <span class='ocrx_word' id='word_1_405' title='bbox 553 4599 585 4655; x_wconf 91' lang='lat' dir='ltr'><strong>id</strong></span> <span class='ocrx_word' id='word_1_406' title='bbox 610 4599 695 4673; x_wconf 91' lang='lat' dir='ltr'><strong>quod</strong></span> <span class='ocrx_word' id='word_1_407' title='bbox 728 4600 821 4654; x_wconf 89' lang='lat' dir='ltr'><strong>etiam</strong></span> <span class='ocrx_word' id='word_1_408' title='bbox 854 4599 963 4657; x_wconf 84' lang='lat' dir='ltr'><strong>intimis</strong></span> <span class='ocrx_word' id='word_1_409' title='bbox 996 4600 1189 4676; x_wconf 90' lang='lat' dir='ltr'><strong>temporibus</strong></span> <span class='ocrx_word' id='word_1_410' title='bbox 1212 4601 1321 4657; x_wconf 86' lang='lat' dir='ltr'><strong>Festus</strong></span> <span class='ocrx_word' id='word_1_411' title='bbox 1343 4610 1380 4656; x_wconf 85' lang='lat' dir='ltr'><strong>et</strong></span> 
     </span>
     <span class='ocr_line' id='line_1_42' title="bbox 75 4695 1385 4774; baseline 0.002 -20"><span class='ocrx_word' id='word_1_412' title='bbox 75 4695 230 4754; x_wconf 88' lang='lat' dir='ltr'><strong>Charisius</strong></span> <span class='ocrx_word' id='word_1_413' title='bbox 254 4706 415 4754; x_wconf 89' lang='lat' dir='ltr'><strong>senserunt</strong></span> <span class='ocrx_word' id='word_1_414' title='bbox 437 4698 495 4755; x_wconf 89' lang='lat' dir='ltr'><strong>etsi</strong></span> <span class='ocrx_word' id='word_1_415' title='bbox 519 4699 596 4756; x_wconf 90' lang='lat' dir='ltr'><strong>falsa</strong></span> <span class='ocrx_word' id='word_1_416' title='bbox 620 4699 705 4758; x_wconf 91' lang='lat' dir='ltr'><strong>simul</strong></span> <span class='ocrx_word' id='word_1_417' title='bbox 722 4701 991 4774; x_wconf 86' lang='lat' dir='ltr'><strong>grammaticorum</strong></span> <span class='ocrx_word' id='word_1_418' title='bbox 1009 4713 1192 4764; x_wconf 78' lang='lat' dir='ltr'><strong>commenta</strong></span> <span class='ocrx_word' id='word_1_419' title='bbox 1213 4699 1385 4771; x_wconf 87' lang='lat' dir='ltr'><strong>tradidere,</strong></span> 
     </span>
    </p>
   </div>
   <div class='ocr_carea' id='block_1_4' title="bbox 0 0 1876 5364">
    <p class='ocr_par' dir='ltr' id='par_1_5' title="bbox 0 0 1876 5364">
     <span class='ocr_line' id='line_1_43' title="bbox 0 0 1876 5364; baseline 0 0"><span class='ocrx_word' id='word_1_420' title='bbox 0 0 1876 5364; x_wconf 95' lang='lat' dir='ltr'><strong> </strong></span> 
     </span>
    </p>
   </div>
  </div>
 </body>
</html>
