3742 5364
742 324 801 382 123
1348 325 1425 382 Ilnl
1517 335 1520 341 '

168 505 266 567 Pune
286 503 397 564 karne
419 503 572 584 speturie
595 501 800 566 Atiiedienn
844 507 920 565 Cum
953 512 1036 566 carni
1072 511 1243 584 spectoriae
1284 491 1426 566 Atiediae

125 606 292 668 aviekate
303 603 486 666 naraklum
506 609 510 678 1
530 612 659 677 vurtus,
677 613 754 665 estu
772 631 784 667 e
805 595 982 682 auspicatae
994 601 1201 684 narraculuml
1215 608 1347 682 vorteiit,
1370 609 1430 665 ista

126 725 237 769 esunu
265 704 340 769 fetu
371 703 564 784 fratrusper
592 701 752 767 Atiiedie.
805 724 892 764 sacra
923 708 1015 765 facito
1043 725 1098 782 pro
1126 707 1266 765 iratribus
1288 708 1430 768 Atiediis.

229 912 284 968 Al
322 910 400 967 haec
422 911 469 967 lex
493 918 558 967 arte
581 911 728 967 cohaeret
758 927 825 967 cum
858 911 901 967 eis
936 928 1011 986 quas
1042 909 1148 967 tabula
1169 909 1182 964 l
1205 908 1427 984 complectitur,

124 1013 278 1091 praecipit
300 1012 380 1068 enirn
404 1012 429 1067 si
451 1013 614 1087 extispicio
636 1012 733 1077 tristia
752 1012 936 1068 denuntiata
953 1027 1011 1066 nec
1033 1010 1152 1067 litatum
1175 1011 1224 1077 sit,
1249 1026 1310 1083 quo
1333 1009 1428 1065 modo

127 1129 250 1169 sacrum
272 1112 506 1169 instaurandum
529 1113 621 1185 dique
641 1112 786 1185 placandi
809 1111 877 1168 sint.
916 1129 986 1168 cum
1008 1110 1130 1185 postica
1148 1110 1236 1166 huius
1254 1108 1333 1165 aeris
1355 1126 1426 1183 pars

126 1213 217 1269 simul
242 1221 273 1268 et
296 1229 375 1286 quae
398 1213 429 1268 in
451 1213 555 1268 antica
577 1213 650 1268 inde
673 1230 692 1267 a
712 1229 800 1268 versu
827 1213 864 1270 15
888 1211 1049 1269 subiuncta
1078 1219 1125 1267 est
1151 1211 1199 1267 lex
1227 1209 1310 1265 nullo
1333 1209 1427 1265 verbo

127 1329 218 1368 sacra
240 1313 270 1368 in
293 1328 364 1368 aere
388 1312 401 1367 l
424 1312 592 1386 perscripta
615 1311 766 1386 respiciat,
790 1312 820 1367 in
843 1310 900 1368 hac
922 1312 989 1386 lege
1012 1311 1097 1386 quod
1120 1310 1270 1366 invenitur
1292 1325 1380 1365 versu
1404 1310 1422 1366 9

120 1407 243 1484 fossam
262 1412 349 1467 semel
359 1411 469 1489 saceio,
491 1412 523 1468 id
540 1430 603 1468 uon
625 1412 705 1467 bene
728 1412 910 1485 intellegitur
931 1412 989 1468 nisi
1012 1410 1142 1467 conlatis
1165 1409 1323 1468 1A29ss.
1345 1408 1425 1465 1Ῑ1Β

128 1513 171 1569 24
193 1520 226 1568 et
252 1513 302 1579 37,
335 1513 387 1568 ubi
413 1512 459 1568 bis
480 1521 513 1569 ut
535 1513 622 1568 fieret
644 1512 759 1568 scrobis
790 1512 968 1568 mandatum
998 1519 1072 1569 erat.
1116 1527 1190 1584 ergo
1214 1527 1266 1566 aes
1288 1509 1302 1567 1
1324 1509 1426 1566 statim

128 1611 246 1684 excipit
268 1613 346 1669 aeris
369 1613 397 1669 ll
419 1614 497 1681 haec
519 1631 610 1688 quam
633 1612 768 1670 anticam
792 1613 945 1670 credimus
968 1630 1038 1688 pars
1061 1611 1207 1686 superior,
1240 1628 1298 1668 nec
1321 1619 1425 1667 tamen

129 1729 326 1786 consequens
348 1731 419 1770 esse
442 1715 563 1770 videtur
585 1722 617 1770 ut
633 1713 712 1770 hauc
728 1714 874 1788 paginam
892 1713 944 1770 illa
958 1713 1040 1788 prius
1056 1713 1233 1785 inscriptam
1255 1720 1426 1769 statuamus

128 1829 210 1886 quae
237 1831 356 1871 sacmm
386 1833 442 1889 pro
469 1815 611 1888 gentibus
640 1813 807 1871 foederatis
836 1814 1011 1871 faciundum
1043 1822 1172 1871 enarrat.
1224 1813 1316 1869 immo
1346 1812 1428 1869 enim

129 1913 330 1971 litteraturam
354 1916 403 1972 illa
423 1915 518 1972 habet
540 1915 603 1970 sere
622 1915 793 1972 tenuiorem
813 1916 1026 1991 impolitiorem
1043 1915 1248 1980 vetustiorem,
1271 1922 1302 1970 et
1321 1913 1352 1969 in
1372 1912 1429 1970 hac

129 2032 201 2071 cum
224 2017 383 2072 evidenter
406 2034 467 2073 una
489 2033 598 2072 manus
621 2016 773 2090 scalprum
797 2017 838 2072 ad
861 2016 952 2072 finem
975 2033 1072 2090 usque
1095 2015 1271 2081 deduxerit,
1304 2013 1429 2071 inferior

128 2135 203 2191 pars
225 2116 375 2173 Hontium
394 2116 573 2173 sacrificium
598 2117 759 2173 continens
783 2117 931 2173 sermonis
963 2135 1033 2174 eam
1056 2115 1307 2192 aequabilitatem
1328 2132 1428 2188 gram·

129 2218 337 2293 maticamque
363 2218 551 2291 diligentiam
573 2218 711 2274 ostendit
745 2236 806 2294 qua
838 2219 970 2293 priscam
1003 2225 1139 2274 aetatem
1161 2234 1238 2290 gens
1263 2217 1430 2273 litterarum

128 2336 186 2375 usu
210 2319 383 2392 provectior
404 2335 548 2392 superare
572 2317 660 2376 solet.
1358 2325 1360 2328 ‘

232 2418 308 2474 keru
322 2415 436 2494 sreiru
458 2421 489 2476 in
512 2420 617 2476 tabula
637 2419 665 2474 V
687 2438 759 2495 pars
788 2421 913 2477 fratrum
941 2430 988 2477 est
1015 2430 1049 2476 ut
1072 2419 1146 2478 Osci
1169 2421 1328 2476 decretum
1354 2421 1428 2475 mai·

130 2537 194 2575 mas
218 2520 333 2574 carneis
353 2521 473 2576 seneleis
496 2520 612 2587 dicunt,
642 2520 691 2578 hic
713 2521 807 2576 karne
835 2521 918 2576 idem
942 2522 994 2596 qui
1026 2520 1122 2576 latino
1146 2520 1297 2576 vocabulo
1320 2537 1428 2576 sensus

132 2622 241 2676 subest
263 2629 296 2676 ut
318 2620 395 2677 infra
411 2641 436 2681 v.
450 2624 490 2681 30
513 2604 618 2678 eseieta
641 2622 742 2681 earne.
784 2623 938 2697 spectoria
957 2630 1006 2678 est
1029 2638 1108 2697 quae
1131 2621 1291 2694 inspicitur
1307 2621 1429 2678 divinae

132 2720 297 2777 voluntatis
321 2725 530 2796 exquirendae
553 2741 665 2792 causa,
692 2725 849 2799 proprium
876 2725 908 2780 id
930 2722 1018 2780 huius
1041 2723 1113 2780 artis
1137 2722 1263 2778 verbum
1284 2722 1377 2779 etiam
1399 2723 1430 2779 iu

132 2818 224 2876 Latio
248 2819 304 2877 fuit
334 2823 385 2883 ubi
412 2824 522 2899 inspici
549 2834 621 2880 exta
643 2825 690 2881 vel
717 2826 812 2881 litatio
839 2825 975 2891 hostiae,
998 2824 1161 2897 extispices
1185 2830 1215 2878 et
1244 2821 1433 2896 haruspices·

130 2920 294 2995 ignispicia
317 2924 467 2983 dicuntur.
505 2926 604 3000 agitur
626 2927 665 2981 de
689 2944 781 2983 carne
797 2926 922 2982 Atiedia
939 2942 1031 2999 quam
1053 2923 1161 2980 fratres
1177 2924 1225 2979 dis
1245 2923 1430 2992 obtulerunt,

130 3040 194 3078 non
218 3025 259 3079 de
282 3025 428 3098 qualubet
451 3025 626 3082 huiusmodi
649 3028 705 3082 sed
721 3028 762 3083 de
785 3027 919 3083 enrekeie
943 3043 1034 3100 quam
1050 3025 1211 3099 auspicato
1236 3032 1268 3081 et
1286 3025 1430 3099 inpetrito

130 3124 239 3179 offerre
263 3134 431 3200 coeperant
451 3128 482 3182 in
505 3127 665 3182 amburbio
688 3137 719 3183 et
744 3128 924 3183 lustratione
940 3125 1055 3201 populi,
1079 3125 1202 3182 nonde
1224 3124 1317 3181 sacris
1341 3125 1430 3181 tabu·

131 3226 227 3283 larum
248 3226 276 3282 Π
294 3227 315 3282 Β
342 3227 389 3283 III
414 3227 466 3286 IV.
513 3229 557 3284 sic
590 3229 695 3284 civitas
713 3226 900 3284 “Marrucina
927 3245 997 3284 cum
1019 3226 1161 3300 pacificat
1182 3225 1288 3282 lovem
1310 3235 1429 3300 patrem

130 3329 209 3385 ocris
227 3328 390 3397 Tarincris,
414 3330 535 3385 hostiae
548 3328 686 3406 serenter
706 3330 831 3394 oviator,
852 3322 947 3403 idque
964 3327 1146 3385 vocabulum
1161 3326 1245 3383 nullo
1260 3325 1340 3381 flexu
1357 3327 1429 3383 exiit

131 3429 170 3485 ab
199 3429 270 3485 avie
303 3425 440 3508 οἰωνικῇ.
491 3431 638 3505 inspectis
667 3431 745 3487 extis
778 3431 863 3504 quod
896 3430 1070 3486 declaratur
1098 3428 1254 3485 nuntiatur
1279 3436 1429 3502 monetur,

133 3532 293 3587 nareklum
317 3539 364 3587 est
386 3532 479 3606 idque
502 3532 685 3589 vocabulum
711 3550 773 3589 non
800 3540 919 3588 tantum
950 3531 1053 3605 specie
1076 3547 1113 3586 ac
1135 3528 1232 3585 forma
1255 3529 1312 3585 sed
1335 3529 1429 3586 etiam

132 3634 218 3706 quod
241 3634 397 3708 cognitum
422 3633 618 3690 divinationis
641 3641 706 3689 arte
728 3632 1034 3717 palamqueOlactum
1061 3644 1175 3687 numen
1200 3631 1330 3686 deorum
1353 3631 1430 3689 indi·

132 3743 197 3801 cat,
220 3751 317 3808 prope
340 3736 462 3791 accedit
490 3736 530 3790 ad
555 3735 680 3791 latinum
703 3734 797 3790 oracli
819 3751 943 3789 nomen.
989 3740 1073 3788 muta
1101 3742 1172 3787 exta
1193 3731 1327 3788 Romani
1351 3741 1430 3788 teste

132 3833 227 3890 Festo
250 3834 359 3907 quibus
382 3834 454 3890 nihil
477 3836 571 3891 divini
594 3835 733 3910 responsi
750 3835 920 3902 eliceretur,
945 3831 1140 3906 argutissima
1159 3840 1231 3887 exta
1246 3840 1326 3888 teste
1343 3831 1430 3889 Cice·

132 3950 206 3989 rone
228 3950 291 3989 non
311 3935 384 3990 nulli
407 3934 446 3991 fel
469 3937 674 4009 gallinaceum
693 3938 857 4002 dicebant,
890 3935 1027 3991 iunicum
1055 3942 1128 3989 exta
1156 3934 1307 3990 semivivis
1335 3935 1432 4008 palpi-

133 4035 230 4092 tantia
252 4035 385 4092 motibus
407 4037 577 4110 inquisitori
594 4037 696 4094 futura
712 4038 890 4093 cecinerunt
909 4009 1089 4117 (Ennodiuss
1099 4034 1236 4090 dictione
1250 4032 1280 4089 ΙΙ
1292 4052 1322 4109 p.
1333 4036 1393 4092 431
1407 4053 1430 4093 s

132 4133 274 4210 Hartel.),
309 4135 369 4192 sibi
387 4139 547 4193 cemneisses
561 4137 645 4211 fibra
669 4139 766 4194 locuta
792 4139 857 4193 dees
882 4135 1059 4210 Propertius
1080 4133 1123 4189 IV
1146 4137 1261 4202 1‚100‚
1277 4133 1432 4207 fibraeque

131 4243 244 4309 repente
266 4240 426 4296 conticuere
448 4238 538 4296 Silius
560 4240 662 4308 1138,
684 4240 754 4296 haec
776 4239 900 4296 numina
926 4239 1072 4310 aruspicia
1094 4245 1165 4294 exta
1181 4236 1350 4311 fissiculent
1371 4256 1430 4294 am·

132 4348 272 4402 rreneniie
288 4349 430 4420 quaedam
444 4367 576 4420 necesque
591 4347 792 4402 transmittunt
804 4345 1020 4418 augureiisque
1042 4343 1180 4397 locuntur
1196 4338 1338 4397 eme'rn'bus
1351 4340 1432 4397 Mar·

133 4448 234 4504 tianus
258 4448 382 4522 Capella
404 4448 515 4516 11151,
537 4450 594 4505 nix
607 4447 676 4525 scs,
699 4448 805 4521 supere,
830 4465 1022 4520 quaecumque
1037 4445 1157 4501 monetis
1171 4444 1301 4517 prodere
1323 4463 1365 4500 me
1379 4454 1431 4518 po·

126 4549 213 4622 pulis
236 4548 353 4606 Tuscus
377 4552 461 4625 apud
476 4551 635 4607 Lucanum
658 4550 744 4608 1631
769 4549 919 4605 attonitus
936 4550 1014 4605 extis
1031 4547 1117 4621 quod
1138 4546 1201 4603 lovi
1226 4553 1314 4604 tauro
1337 4564 1432 4604 caeso

132 4650 164 4706 in
187 4648 304 4708 viscera
326 4650 357 4706 di
379 4650 468 4708 inferi
484 4659 646 4728 venerant:
671 4650 716 4707 his
740 4649 949 4707 locutionibus
967 4649 1041 4708 satis
1057 4647 1234 4704 inlustratur
1249 4648 1435 4709 Vmbrorum
