3742 5364
232 358 341 418 vtott
358 359 441 421 titt
868 357 909 416 80

231 542 393 620 comoltu,
428 561 523 603 serse
545 540 692 603 comatir
719 539 853 621 persni·
905 543 1091 610 commolito,
1122 544 1235 600 sedens
1259 546 1441 605 commolitis
1462 564 1537 623 pre·

231 663 297 707 mu.
319 648 323 719 Ι
343 641 482 723 purdito
506 640 585 704 fust.
606 649 609 721 Ι
867 653 1001 702 recator.
1023 640 1027 720 Ι
1047 653 1220 718 porrectum
1242 646 1306 706 erit.
1328 640 1332 724 Ι

274 745 454 807 Vocucom
492 743 605 816 Ioviu‚
644 762 760 822 ponne
798 742 855 804 ovi
950 747 998 802 Ad
1014 747 1125 800 aedem
1136 745 1260 814 loviam,
1284 749 1455 821 quomovis
1472 749 1537 805 fur-

231 844 369 926 furiant,
385 844 471 906 uitlu
482 854 561 905 torn
569 842 631 905 trif
640 843 720 908 fetu.
738 843 852 904 Marte
906 844 980 912 iant,
995 846 1105 902 vitulos
1121 854 1226 902 tauros
1245 847 1296 903 tris
1314 847 1417 907 facito.
1439 848 1536 906 Marti

231 945 444 1008 Horse'fetu
473 945 647 1026 popluper
670 955 765 1007 totar
787 943 852 1005 Iio·
905 947 1010 1002 llodio
1034 946 1126 1004 facito
1147 965 1202 1022 pro
1226 949 1342 1023 populo
1367 948 1536 1024 urbislgu·

232 1030 347 1118 uinars
376 1056 516 1126 totaper
550 1046 694 1109 Ilovina.
747 1055 853 1107 vatuo
906 1047 1015 1120 vinae(
1041 1066 1096 1122 pro
1134 1050 1207 1104 urbe
1245 1050 1379 1124 IguvIna.
1438 1059 1536 1110 vatua

231 1148 341 1211 ferine
364 1148 369 1232 Ι
396 1148 478 1222 fetu,
516 1148 600 1229 poni
637 1147 719 1219 fetu,
757 1146 854 1208 arvio
907 1149 1022 1205 serione
1042 1153 1046 1219 Ι
1067 1150 1170 1218 facito,
1193 1167 1289 1225 posca
1312 1150 1416 1219 facito,
1446 1152 1535 1209 arvia

231 1249 312 1323 fetu,
345 1261 440 1312 tases
461 1249 648 1330 persnimu.
692 1247 853 1328 prosese·
906 1251 1009 1319 tacito,
1046 1253 1156 1308 tacitus
1193 1262 1343 1326 precator.
1378 1255 1534 1330 prosectis

230 1351 274 1414 tir
294 1350 394 1423 fasio,
418 1348 497 1413 ficla
519 1349 684 1412 arsveitu.
729 1358 850 1411 suront
906 1353 1044 1425 farreum,
1068 1353 1182 1411 fitillam
1205 1355 1324 1413 addito.
1357 1356 1432 1411 item
1460 1372 1535 1411 nar·

231 1466 365 1525 narratu,
388 1472 476 1533 puse
498 1451 632 1514 verisco
649 1450 855 1522 Trebianir.i
869 1469 894 1506 a
907 1467 973 1511 rato
997 1464 1030 1511 ut
1054 1455 1094 1511 ad
1116 1464 1236 1529 portam
1258 1453 1482 1526 Treblanam.i

274 1555 454 1617 Vocucom
478 1550 644 1615 Coredier
666 1551 752 1613 vitlu
776 1561 857 1614 torn
950 1557 999 1612 Ad
1022 1556 1133 1612 aedem
1146 1554 1271 1612 Coredii
1294 1558 1405 1614 vitulos
1424 1566 1535 1616 tauros

231 1655 294 1719 tris
311 1654 394 1720 fetu.
438 1654 565 1716 Honde
589 1632 677 1716 berfi
699 1653 770 1716 fetu
794 1675 855 1735 po·
908 1657 960 1713 tris
983 1656 1085 1714 facito.
1109 1657 1216 1714 Honto
1234 1656 1334 1715 Cerfio
1358 1658 1451 1716 facito
1474 1677 1535 1734 pro

230 1758 356 1839 pluper
392 1764 486 1818 totar
518 1753 680 1828 IIovInan
718 1766 855 1836 totaper
906 1759 1020 1833 populo
1053 1760 1134 1815 urbis
1168 1759 1324 1834 lguvinae,
1362 1779 1418 1836 pro
1454 1761 1536 1818 urbe

231 1859 375 1920 Iiovina.
408 1865 515 1917 vatuo
545 1854 654 1919 ferine
687 1856 770 1930 fetu,
803 1878 855 1920 ar·
907 1861 1041 1933 Iguvina.
1087 1870 1178 1918 vatna
1202 1860 1318 1917 ferione
1346 1861 1450 1927 facito,
1485 1878 1535 1919 ar·

231 1961 288 2021 vio
309 1958 313 2038 Ι
333 1958 416 2031 fetu,
449 1957 523 2020 heri
546 1957 637 2027 vinu,
670 1959 743 2020 heri
774 1958 856 2038 poni
908 1962 954 2016 via
975 1956 978 2036 Ι
1000 1960 1103 2032 facito,
1134 1962 1179 2017 vel
1204 1963 1273 2018 vino
1297 1963 1344 2018 vel
1366 1978 1463 2036 posca
1490 1961 1536 2020 fa·

231 2060 314 2136 fetu,
337 2072 433 2122 tases
455 2058 641 2140 persnimu.
665 2057 855 2138 prosesetir
907 2063 983 2130 cito,
1027 2063 1137 2120 tacitns
1178 2071 1330 2137 precator.
1380 2065 1535 2136 prosectis

232 2271 270 2326 ab
294 2269 352 2324 isto
376 2268 452 2324 vuku
475 2269 559 2324 cuius
582 2268 659 2341 ignis
682 2286 754 2324 arae
778 2268 941 2342 imponitur
962 2268 1068 2334 itini,
1098 2268 1307 2341 orIginemque
1339 2267 1399 2324 foci
1428 2266 1535 2324 adhuc

231 2379 295 2427 tam
317 2371 513 2425 incommode
536 2369 756 2443 explicuerunt,
779 2378 812 2425 ut
834 2369 907 2425 mihi
930 2370 1009 2425 serio
1033 2388 1069 2425 ac
1093 2386 1164 2425 vero
1187 2371 1400 2443 quaerendum
1424 2369 1535 2426 videa-

232 2481 286 2539 tur,
310 2472 483 2546 potueritne
507 2488 543 2525 ex
568 2470 638 2525 dha·
662 2489 717 2545 per
741 2470 831 2527 dhau·
855 2471 924 2526 darr—
946 2469 1081 2547 etseras
1103 2480 1134 2526 et
1157 2489 1224 2525 areca
1248 2471 1288 2527 ad
1304 2470 1396 2526 Italos
1414 2470 1535 2528 deduci

231 2574 343 2629 eodem
364 2572 458 2628 modo
482 2589 541 2645 quo
557 2589 595 2627 ex
612 2571 725 2629 dheora
747 2571 776 2627 hi
788 2570 883 2648 ferar
897 2571 936 2628 illi
953 2568 1045 2646 neres
1054 2571 1184 2628 traxisse
1201 2572 1376 2629 creduntur.
1422 2589 1534 2646 quam·

231 2692 322 2749 quarn
344 2674 464 2729 radices
488 2673 648 2729 verborum
664 2671 840 2730 Caucaseos
856 2673 1007 2747 inquirere
1022 2673 1146 2729 minime
1161 2672 1233 2728 milri
1249 2673 1335 2729 cordi
1351 2681 1409 2740 est,
1432 2675 1534 2730 modo

231 2776 357 2833 Italicae
380 2774 556 2849 propaginis
578 2774 812 2848 deprehendere
836 2775 971 2831 surculos
995 2776 1163 2849 contingat.
1207 2792 1283 2832 ecce
1317 2792 1394 2830 nunc
1415 2791 1533 2848 quoque

232 2895 293 2934 cum
309 2875 392 2949 fiunt
412 2877 552 2949 antiquae
572 2894 659 2932 sacra
676 2875 816 2940 Vacunae,
852 2881 917 2931 aule
942 2874 1101 2932 Vacunales
1120 2881 1253 2949 stantque
1274 2875 1427 2948 sedentque
1438 2873 1535 2952 socos

231 2980 274 3036 ait
297 2979 414 3036 Vestae
437 2979 557 3053 focique
579 2980 827 3054 superstitionem
856 2995 1001 3035 enarrans
1025 2986 1118 3052 poeta
1141 2977 1209 3036 fast.
1232 2976 1276 3033 VI
1295 2978 1370 3035 307:
1402 2994 1473 3033 naeu
1499 2986 1534 3035 et

229 3100 309 3137 uentu
333 3080 463 3137 fortasse
485 3100 547 3138 uua
569 3081 662 3155 stirpe
684 3089 757 3136 nata
780 3088 851 3137 sunt
872 3087 906 3135 ut
929 3080 1013 3135 lacus
1036 3086 1067 3134 et
1089 3079 1177 3137 lama.

329 3184 369 3240 43
394 3179 495 3237 Marte
507 3180 612 3249 Herse,
635 3181 666 3236 in
683 3182 808 3254 antiqno
830 3180 996 3254 exemplari
1012 3180 1026 3236 I
1040 3180 1061 3236 B
1076 3183 1094 3238 2
1111 3178 1220 3236 Hieme.
1244 3178 1372 3236 Graecis
1395 3171 1489 3238 Ὁδία
1510 3175 1532 3254 ἡ

231 3277 315 3356 Κόρη
332 3277 418 3356 θεός,
441 3282 518 3338 haec
534 3283 660 3356 quidem
675 3283 713 3339 ab
730 3276 839 3362 ἀνόδῳ
862 3278 1001 3362 καθόδῳ,
1025 3284 1099 3338 item
1116 3302 1133 3338 a
1150 3283 1203 3339 viis
1218 3281 1386 3337 Mercurius
1401 3275 1532 3357 Ὅδιος.

230 3364 397 3440 Gradiuum
420 3384 566 3450 llllartem,
602 3385 649 3440 cui
672 3384 744 3440 Salii
778 3384 909 3440 instituti
941 3392 1038 3451 erant,
1072 3383 1261 3458 appellatum
1295 3382 1395 3439 ferunt
1418 3400 1437 3439 a
1457 3398 1533 3455 gra·

230 3484 346 3539 diendo
369 3485 399 3540 in
422 3485 502 3541 bella
524 3485 603 3541 ultro
628 3486 764 3559 citroque
787 3479 913 3563 (Paulus
935 3481 998 3558 R),
1030 3485 1114 3558 quod
1144 3484 1201 3540 huc
1225 3493 1256 3541 et
1278 3483 1347 3540 illuc
1368 3482 1535 3556 gradiatur

230 3579 390 3661 (Servius),
427 3583 510 3641 haud
520 3586 615 3658 parci
634 3583 761 3641 Martem
777 3585 893 3641 coluisse
919 3584 1055 3641 Tudertes
1089 3583 1177 3641 Silius
1200 3585 1271 3644 VIII
1287 3586 1348 3642 464
1371 3599 1433 3658 quo
1456 3583 1533 3643 loco

228 3686 375 3742 infestum
408 3685 526 3742 nebulis
560 3686 733 3742 umentibus
756 3686 893 3758 Iguvium
916 3686 1007 3753 dixit,
1047 3683 1271 3742 Gradiuicolam
1300 3686 1371 3741 celso
1397 3685 1430 3741 de
1455 3686 1534 3744 colle

233 3785 383 3842 Tudertem
404 3785 449 3841 IV
463 3789 534 3845 222.

328 3906 368 3963 45
396 3904 497 3961 Hende
518 3883 603 3979 derfi.
637 3923 810 3980 cognomen
827 3909 887 3964 deo
904 3907 1006 3965 Infero
1022 3926 1040 3964 a
1062 3908 1197 3964 creando
1213 3905 1343 3962 inditum
1358 3913 1414 3975 est,
1440 3906 1532 3964 unde

229 4005 321 4062 duone
346 4004 425 4062 Idero
448 4014 479 4062 et
503 4005 616 4064 Cereri.
665 4004 783 4082 Cersum
809 4009 967 4079 vocabulo¹
992 4007 1129 4083 Paeligni
1166 4009 1242 4065 deos
1270 4006 1441 4080 generatim
1470 4006 1532 4065 de·

229 4108 392 4182 signabant
424 4115 584 4180 separatos
608 4127 625 4164 a
649 4107 829 4166 Semonibus
863 4103 953 4184 (mus.
978 4109 1077 4166 Rhen.
1102 4109 1235 4166 XXXIII
1258 4127 1287 4184 p.
1309 4105 1394 4181 276),
1421 4104 1533 4166 Cereri

229 4209 333 4266 dicata
358 4207 525 4264 efferebant
553 4206 637 4265 Cerri
655 4202 780 4284 (ibidem
795 4210 943 4266 XXXVII
965 4229 992 4286 p.
1007 4204 1089 4287 644).
1111 4210 1179 4266 huic
1202 4211 1281 4266 deae
1307 4209 1338 4264 in
1360 4224 1435 4265 osca
1457 4208 1532 4285 lege

228 4310 333 4384 templi
366 4327 418 4365 ara
448 4318 562 4366 statuta
592 4319 778 4368 memoratur
810 4320 842 4367 et
873 4312 911 4369 ab
935 4330 973 4368 ea
1002 4311 1226 4385 cognominatis
1259 4309 1433 4366 numinibus
1456 4326 1532 4369 cum

229 4410 295 4466 aliis
319 4412 419 4468 multis
441 4420 504 4467 tum
528 4412 647 4468 Ammoi
668 4410 805 4467 Kerrtr'ai
827 4430 919 4486 quam
940 4413 1081 4470 inlustrat
1104 4411 1250 4488 Hesychii
1272 4411 1375 4484 glossa
1406 4404 1533 4487 Ἀμμὰε

227 4505 393 4584 ἡτροφό(
416 4507 597 4586 Ἀρτέμιδος
633 4508 684 4571 καὶ
705 4508 724 4586 ἡ
749 4509 850 4588 μήτηρ
888 4511 938 4573 καὶ
960 4510 979 4588 ἡ
1000 4508 1076 4573 Ῥέα
1097 4510 1148 4573 καὶ
1171 4509 1189 4586 ἡ
1213 4508 1379 4586 Δημήτηρ.
1425 4512 1534 4573 Latini

229 4613 351 4683 quade
374 4628 469 4669 causa
496 4611 578 4692 Cerf-
601 4615 765 4684 amiserint,
789 4617 891 4673 discas
914 4613 1045 4691 sparsa
1068 4634 1166 4691 parra.
