3742 5364
229 358 305 418 1127
852 362 911 418 142

273 538 434 602 Admune
457 541 542 602 Iuve
572 549 673 621 patre
696 539 779 602 fetu.
823 539 852 600 si
945 545 1067 601 Almoni
1095 546 1159 602 Iovi
1187 546 1266 621 patri
1292 546 1395 604 facito.
1444 562 1538 603 suem

230 640 407 723 peralkne
444 641 599 704 sevakne
630 651 738 722 upetu
772 663 849 704 eve·
870 667 882 703 s
903 639 1093 722 agolnalem
1116 647 1297 704 sollemnem
1320 655 1431 723 optato
1447 648 1536 704 evin·

230 848 324 904 latina
349 849 487 905 alzbroner
508 850 547 905 ab
570 850 716 906 alimento
732 850 806 906 dicti
827 858 897 906 sunt
912 851 1076 906 nutritores
1093 849 1139 905 vel
1157 832 1272 907 fotores
1288 848 1448 922 (Placidus
1465 852 1534 924 p.7

232 947 431 1023 Deuerlingi),
457 949 604 1006 Luxorius
628 967 749 1006 carmen
770 967 857 1006 suum
873 951 1094 1007 commendans
1110 958 1199 1025 optat
1221 959 1254 1007 ut
1276 950 1414 1006 alrbrones
1434 950 1537 1024 magis

230 1068 318 1122 quam
341 1051 483 1106 censrbnes
505 1052 570 1108 istis
593 1052 681 1125 nugis
704 1059 819 1117 extent,
842 1052 874 1107 id
897 1059 944 1108 est
967 1052 1088 1127 patroni
1111 1052 1207 1125 magis
1224 1069 1317 1126 quam
1338 1050 1457 1130 iudices
1482 1067 1535 1107 se·

231 1151 292 1206 veri
323 1147 400 1224 (AL.
427 1152 463 1209 19
487 1171 517 1227 p.
536 1154 617 1220 69,9
634 1148 694 1223 Κ),
729 1170 859 1225 magnae
891 1152 995 1209 matris
1031 1152 1125 1209 sacris
1158 1152 1338 1209 nobilitatus
1362 1152 1455 1208 Almo
1482 1160 1535 1209 est

230 1268 325 1325 prope
348 1251 479 1308 Romam
502 1253 641 1309 defluens
669 1254 700 1309 in
723 1253 868 1317 TiberIm.
891 1252 989 1309 Larae
1013 1260 1131 1326 patrem
1147 1252 1310 1309 Almonem
1338 1251 1414 1309 fecit
1432 1252 1535 1310 Fera-

231 1350 363 1424 IIumque
378 1353 544 1410 memoriae
559 1354 685 1410 inseruit
700 1352 827 1411 OvidIus
843 1353 911 1411 fast.
926 1353 1039 1422 11601,
1063 1353 1212 1428 VergiIIus
1225 1354 1302 1412 Aen.
1317 1352 1376 1410 VII
1391 1355 1452 1413 532
1465 1354 1533 1413 575

231 1453 384 1508 transtulit
408 1471 520 1511 nomen
543 1457 585 1512 ad
607 1454 715 1530 Tyrrhi
737 1454 829 1512 filium
851 1455 1024 1514 maximum.
1066 1455 1186 1512 Almum
1207 1455 1272 1511 Iovi
1294 1472 1409 1511 nomen
1432 1454 1534 1512 fuisse

149 1545 154 1557 “
231 1555 314 1626 quod
338 1555 441 1612 omnia
458 1556 554 1612 aleret
570 1556 739 1613 Varronem
755 1565 879 1614 secutus
892 1558 1081 1632 Augustinus
1096 1558 1233 1625 tradidit,
1251 1557 1435 1614 Alemonam
1447 1559 1534 1615 deae

232 1652 311 1709 letus
334 1654 468 1712 uterinos
491 1656 585 1713 alenti
608 1657 824 1715 Tertullianus
867 1653 995 1732 Ἄδμων
1019 1659 1049 1713 in
1072 1658 1229 1715 caelatura
1251 1658 1360 1732 capitis
1381 1657 1534 1716 Herculei

232 1752 362 1811 fortasse
384 1757 504 1825 artilex,
526 1758 600 1815 item
623 1759 715 1832 piscis
733 1758 870 1817 hordeia.
906 1758 1009 1815 Vmbri
1027 1760 1136 1833 quibus
1159 1761 1259 1816 odmor
1274 1754 1423 1833 θέμιστες
1446 1768 1534 1828 sunt,

230 1857 377 1912 aditionem
398 1858 502 1915 lovem
526 1868 672 1934 tanquam
694 1860 764 1917 iuris
789 1869 976 1917 servatorem
993 1860 1166 1934 rituumque
1181 1877 1338 1917 sacrorum
1359 1861 1531 1919 custodem

230 1957 371 2014 videntur
393 1960 538 2032 venerati,
562 1962 676 2017 deinde
697 1949 786 2017 rab'm
809 1956 876 2036 ‘qui
900 1960 1029 2018 foedera
1052 1960 1174 2018 fulmine
1197 1955 1319 2020 saucit'.

330 2062 348 2117 8
381 2062 509 2135 prImnm
533 2070 656 2136 optatur
680 2063 742 2119 sive
765 2063 913 2137 probatur
938 2063 1054 2130 hostia,
1090 2071 1153 2119 tum
1178 2063 1305 2133 aventer,
1333 2070 1398 2120 tum
1422 2063 1531 2120 verbis

232 2160 429 2218 sollemnibus
451 2172 644 2237 nuncupatur
668 2164 851 2239 dicaturque
873 2166 935 2221 deo
950 2161 1045 2232 (VIA
1060 2166 1098 2222 22
1121 2164 1283 2221 immolans
1300 2160 1437 2219 adsertor
1460 2161 1532 2219 Iovi

233 2260 389 2319 Grabovio
412 2265 507 2322 boves
530 2265 652 2340 piacula
674 2261 803 2340 narrat),
826 2266 962 2339 denique
984 2266 1132 2322 caeditur.
1165 2265 1248 2322 istud
1273 2265 1399 2322 verbum
1420 2261 1452 2319 in
1470 2261 1535 2321 boc

233 2378 295 2417 uno
316 2363 463 2420 sacrificio
489 2375 748 2422 commemoratur
770 2385 832 2422 non
853 2368 988 2441 positum
1012 2368 1042 2423 In
1067 2367 1186 2427 ceteris,
1231 2367 1273 2424 ad
1297 2366 1413 2422 litteras
1436 2361 1535 2421 facile

232 2463 439 2538 interpreteris
464 2468 557 2523 evr'ere
575 2467 622 2524 vel
646 2469 783 2537 evincim,
811 2486 882 2524 nam
904 2469 993 2525 vez'rlu
1018 2471 1059 2526 ad
1080 2469 1155 2526 vitiu
1186 2469 1230 2526 sic
1253 2478 1300 2525 est
1324 2475 1356 2523 ut
1381 2465 1533 2540 peritaner

232 2564 274 2619 ad
288 2565 409 2637 piandi,
436 2566 577 2624 Kurez’ole
600 2571 641 2626 ad
666 2568 816 2638 Curiates,
839 2569 1022 2644 Verguleius
1046 2572 1087 2627 ad
1109 2569 1286 2644 Vergilium.
1329 2576 1424 2642 atque
1443 2566 1534 2622 evin·

232 2664 284 2720 ciri
306 2666 398 2723 latine
422 2670 566 2726 dicuntur
587 2687 665 2744 quae
696 2672 735 2728 ab
764 2672 916 2727 exteriore
951 2680 1038 2746 parte
1062 2671 1233 2728 vinciuntur
1255 2670 1336 2726 velut
1363 2683 1454 2725 surae
1478 2684 1534 2723 co-

233 2765 357 2835 tburn0,
391 2789 499 2828 manus
522 2772 692 2840 caestibus,
716 2781 855 2846 tempora
885 2771 1002 2829 taeniis.
1052 2788 1110 2827 nec
1137 2786 1204 2826 raro
1233 2770 1264 2826 in
1292 2769 1385 2826 sacris
1412 2775 1533 2842 poetae

232 2871 369 2926 evinctos
393 2869 532 2928 homiues
556 2873 684 2940 faciunt,
710 2874 789 2929 velut
821 2872 936 2946 Vergili
958 2874 1080 2928 Aeneas
1108 2873 1182 2928 dum
1215 2889 1231 2927 e
1259 2888 1349 2946 prora
1378 2870 1409 2926 in
1440 2888 1533 2929 mare

232 2982 303 3029 exta
325 2974 458 3046 porricit,
482 2983 574 3048 caput
599 2973 677 3030 foliis
701 2975 838 3030 evinctus
862 2974 961 3030 olivae
985 2981 1033 3029 est
1058 2973 1085 3028 V
1112 2975 1172 3030 774
1202 2980 1234 3028 et
1261 2972 1327 3029 salii
1351 2971 1392 3028 ad
1415 2981 1533 3030 cantus

231 3074 342 3130 circum
370 3075 477 3132 altaria
505 3076 638 3149 populeis
661 3077 768 3130 adsunt
788 3076 895 3131 eorircti
918 3081 1041 3148 tempora
1063 3072 1155 3130 remis
1180 3073 1251 3130 VIII
1267 3075 1337 3132 286.
1381 3074 1535 3132 animalia

232 3183 335 3230 autem
358 3193 436 3249 quae
460 3176 656 3233 sacrificaturi
681 3185 768 3233 erant
784 3193 845 3232 non
861 3176 961 3232 minus
978 3193 1070 3251 quam
1094 3176 1274 3232 sacerdotes
1298 3182 1329 3230 et
1352 3190 1421 3231 aras
1440 3191 1534 3233 coro·

232 3275 278 3330 nis
303 3283 355 3331 aut
377 3275 458 3331 vittis
482 3283 591 3332 ornata
614 3293 682 3332 esse
712 3276 785 3332 satis
814 3284 937 3332 constat
969 3274 1097 3349 (Plinius
1122 3274 1195 3330 XVI
1219 3276 1247 3352 9,
1283 3272 1410 3332 Ovidius
1432 3275 1535 3335 Ibidis

234 3377 292 3434 103
316 3369 379 3452 al).
424 3376 474 3433 alii
497 3377 628 3433 fortasse
652 3377 696 3432 sic
719 3377 807 3432 evr'eto
829 3375 945 3433 malent
967 3376 1147 3450 intellegere
1171 3384 1204 3432 ut
1230 3377 1322 3433 exImi
1344 3376 1474 3435 vinculis
1499 3387 1535 3437 et

232 3477 307 3533 solvi
330 3477 430 3535 bostia
452 3478 601 3552 iubeatur,
626 3477 705 3534 banc
729 3479 811 3534 enim
833 3478 1089 3534 consuetudinem
1112 3476 1234 3534 Servius
1256 3477 1299 3533 ad
1323 3478 1398 3535 Aen.
1421 3477 1535 3539 11134

232 3578 274 3633 IV
289 3580 349 3638 518
372 3579 403 3634 in
425 3579 492 3654 ipso
516 3587 653 3653 tempore
679 3578 895 3635 sacrificiorum
919 3578 1010 3635 fuisse
1030 3585 1160 3635 testetur
1177 3584 1210 3634 ut
1228 3576 1328 3634 soluta
1350 3584 1449 3634 staret
1474 3578 1536 3637 ho-

233 3681 299 3745 stia,
323 3681 395 3753 quia
417 3679 570 3754 piaculum
602 3688 685 3735 esset
716 3681 747 3736 in
780 3680 927 3736 sacrificio
951 3679 1064 3754 aliquid
1087 3695 1157 3736 esse
1180 3679 1348 3752 reilgatum.
1391 3687 1537 3753 praeter·

231 3784 320 3839 mitto
342 3783 426 3857 quod
449 3783 571 3841 eviendi
593 3783 718 3839 verbum
742 3784 859 3840 LatInis
882 3784 998 3840 nullum
1020 3793 1077 3855 est,
1102 3783 1275 3840 evinciendi
1296 3781 1420 3839 minime
1443 3790 1536 3840 vetu-

233 3893 325 3954 stum,
350 3902 454 3940 verum
475 3884 657 3958 compositio
682 3885 843 3940 verborum
871 3884 959 3941 buius
983 3885 1067 3940 modi
1088 3884 1373 3958 interpretationem
1394 3900 1461 3940 non
1485 3886 1532 3943 vi-

233 3987 322 4042 detur
343 3986 522 4062 admittere,
545 4003 616 4041 nam
638 3984 763 4041 conlato
786 3985 845 4042 hoc
870 4002 959 4041 versu
982 4003 1050 4041 cum
1076 3988 1112 4043 ll
1135 3985 1191 4064 ubi?
1208 3983 1331 4042 seaakne
1352 4000 1416 4060 non
1437 3985 1535 4045 itera-

232 4098 296 4145 tum
317 4096 366 4144 est
388 4095 459 4143 ante
482 4093 602 4154 narotu,
625 4087 842 4161 comprobatur
865 4087 968 4143 evetita
990 4086 1085 4143 nihilo
1103 4087 1200 4160 magis
1225 4103 1317 4161 quam
1339 4092 1451 4143 naratu
1475 4087 1550 4147 ab·'

232 4190 364 4247 solutam
387 4187 531 4245 habuisse
553 4189 713 4245 notionem
737 4206 817 4263 quae
840 4189 923 4245 nullo
948 4196 1053 4262 egeret
1076 4188 1260 4246 adminiculo
1287 4189 1344 4245 sed
1365 4195 1535 4266 utrumque

233 4293 275 4350 ita
298 4293 339 4349 ad
359 4290 482 4347 sevakne
504 4291 632 4347 relatum
656 4308 724 4347 esse
747 4291 853 4365 eisque
875 4290 925 4366 qui
948 4292 1138 4366 praecedunt
1168 4289 1348 4348 accusativis
1375 4305 1535 4350 conexum

232 4403 265 4450 ut
287 4393 312 4450 si
335 4393 427 4448 latine
451 4391 562 4448 disens
585 4401 705 4465 caprum
727 4391 849 4447 hostiam
872 4392 972 4466 elz'giio
997 4392 1145 4447 declarato
1168 4396 1343 4465 nuncupato.
1381 4389 1452 4446 vide
1473 4391 1533 4467 igi·

234 4502 281 4549 tur
303 4510 342 4549 ne
365 4493 455 4567 stirps
479 4494 590 4549 eadem
613 4493 651 4549 sit
673 4510 753 4567 quae
775 4493 915 4550 viucendi
938 4495 1049 4563 verbe,
1073 4511 1144 4550 nam
1177 4493 1235 4549 uei·
1264 4493 1305 4549 ad
1327 4492 1428 4549 sicut
1451 4493 1536 4551 der'tu

234 4595 275 4653 ad
298 4595 396 4663 dileto,
414 4595 487 4669 perir
510 4596 552 4652 ad
566 4596 696 4668 piceum,
730 4603 820 4652 aucta
842 4595 894 4653 illa
917 4595 1043 4670 quidem
1070 4594 1285 4652 declinationis
1315 4610 1407 4652 causa
1429 4595 1536 4658 vocali

234 4714 272 4755 ea
293 4715 354 4772 qua
376 4697 480 4764 vr'rseto
501 4705 532 4754 et
554 4697 652 4753 vz'dere
674 4696 819 4754 differunt
841 4715 859 4753 a
881 4697 949 4756 vtio.
987 4697 1018 4752 ln
1040 4697 1105 4753 iure
1128 4713 1256 4753 romano
1277 4695 1388 4753 evictio
1405 4695 1441 4753 fit
1462 4698 1535 4759 eius
