3742 5364
694 355 745 442 aa
1186 353 1377 420 manre

72 539 160 613 fetu,
203 547 298 600 tases
337 536 525 616 persnimu.
584 554 705 616 prose·
757 539 860 608 facim,
898 540 1008 598 tacitus
1045 551 1195 617 precator.
1230 546 1380 619 prosectis

74 640 161 704 setir
183 638 300 713 farsi0,
327 636 407 700 ficla
437 637 601 701 arsveitu.
647 656 703 698 su·
747 640 904 709 ‘farreum,
960 642 1074 700 fitillam
1127 645 1246 703 addito,
1306 633 1382 703 item'

73 738 136 804 rur
158 749 292 815 natatu,
315 744 402 820 puse
424 760 487 820 pre
508 739 602 801 verir
618 737 702 799 Tre·
755 751 878 799 narrato
922 752 954 800 ut
991 743 1064 800 ante
1099 755 1220 819 portam
1253 747 1380 803 Trebla-

72 842 200 904 blanir.
221 844 225 918 Ι
721 864 732 901 3
756 861 837 903 nam,
857 845 869 918 Ι.

119 943 205 1005 Post
230 941 322 1004 verir
345 940 534 1004 Tesenocir
564 938 612 1002 sis
629 936 702 998 filiu
798 942 873 1000 Post
888 952 1008 1018 portam
1021 944 1215 1002 Tesenacam
1232 965 1303 1006 sues
1319 950 1380 1014 lac·

73 1042 141 1106 trif
172 1042 246 1105 fetu
281 1043 363 1105 Fiso
401 1042 526 1106 Sansie
564 1038 702 1118 ocriper
754 1052 855 1101 tentes
869 1045 921 1101 tris
936 1045 1108 1102 facitoFiso
1122 1045 1298 1123 Sanciopro
1309 1068 1380 1107 arce

72 1144 182 1218 Fisiu,
205 1153 346 1224 totaper
369 1143 512 1208 Iiovina.
536 1140 619 1223 poni
641 1137 702 1201 fei·
755 1147 847 1214 Fisia,
871 1164 925 1221 pro
946 1148 1021 1203 urhe
1035 1147 1171 1220 Iguvina,
1216 1167 1313 1224 posca
1335 1150 1378 1207 fa-

74 1256 131 1319 tu,
176 1265 302 1327 persae
338 1227 426 1318 fetu,
470 1244 567 1306 arvio
604 1235 705 1319 fetul
756 1247 829 1314 cito,
855 1248 1000 1321 pedarios
1024 1248 1127 1316 facito,
1157 1251 1240 1307 arvia
1263 1244 1381 1327 facitol

79 1366 182 1408 surur
217 1354 357 1418 narrato,
396 1343 475 1423 pusi
510 1364 574 1425 pre
611 1343 705 1407 verir
757 1349 831 1405 item
852 1357 974 1405 narrato
1003 1358 1036 1406 ut
1063 1357 1135 1406 ante
1163 1359 1284 1425 portam
1304 1352 1381 1408 Tre-

75 1446 272 1510 Treblanir.
296 1446 590 1526 tasespersnimu.
609 1465 704 1507 man·
756 1449 888 1508 blanam.
938 1450 1048 1506 tacitus
1093 1460 1244 1524 precator.
1294 1471 1379 1509 man·

75 1547 197 1610 draclo
215 1545 310 1609 difue
326 1548 444 1610 destre
466 1546 597 1609 habitu.
621 1566 702 1628 pro·
755 1550 816 1606 tele
829 1550 954 1607 bifidum
976 1552 1006 1608 in
1030 1553 1139 1609 dextra
1162 1553 1286 1613 habeto
1310 1573 1379 1630 pro·

178 1755 231 1813 Ba
246 1753 352 1833 farcio
369 1753 510 1820 farreum,
533 1759 629 1827 genus
648 1753 698 1809 libi
714 1771 752 1808 ex
770 1752 848 1809 farre
865 1752 978 1809 factum
1000 1752 1139 1830 (Paulus)
1157 1756 1239 1829 quod
1255 1757 1381 1830 nuptiae

78 1857 242 1914 Romanae
263 1856 469 1914 nobilitarunt.
516 1855 659 1911 vincebat
692 1855 872 1930 primigenia
901 1854 1000 1911 littera
1028 1856 1057 1910 in
1071 1855 1178 1933 sarcio
1191 1855 1285 1934 fasta,
1319 1859 1381 1914 vin·

74 1959 205 2015 cebatur
226 1959 257 2014 in
270 1957 332 2035 ser
345 1956 451 2034 farer,
475 1954 513 2016 cf.
536 1955 699 2012 Marsicam
723 1965 754 2013 et
776 1956 961 2012 Marruviam
983 1964 1116 2030 gentem.

179 2059 196 2114 3
210 2054 320 2134 saltus,
336 2055 411 2130 filiu
434 2057 594 2124 lactentes,
618 2064 650 2111 ut
673 2075 737 2112 non
759 2057 858 2129 possit
883 2073 996 2111 nomen
1019 2055 1145 2112 distrahi
1169 2075 1186 2112 a
1210 2058 1321 2132 Oqluic
1346 2069 1377 2116 et

74 2153 234 2232 Θηλάζειν.
278 2158 320 2214 illi
343 2175 413 2214 vero
434 2157 560 2214 latinum
576 2155 661 2229 filios
672 2157 783 2234 fez'lius
805 2165 869 2213 tam
892 2157 987 2212 simile
1011 2174 1103 2230 quam
1126 2177 1216 2215 ovum
1240 2177 1308 2219 ovo,
1346 2169 1379 2217 at

74 2261 200 2316 diversa
224 2259 293 2336 sete
322 2259 561 2334 quae-peperit,
587 2256 706 2335 semina
739 2275 819 2332 quae
841 2258 935 2331 parit,
961 2256 1096 2335 secunda
1126 2260 1166 2315 ad
1199 2260 1380 2333 pariendum
1480 2323 1484 2330 ,

76 2361 204 2428 idonea,
226 2367 389 2435 procreata
413 2378 451 2416 ex
464 2358 531 2437 su-.

181 2461 380 2519 4Romanos
403 2460 541 2517 novimus
563 2460 651 2516 Fidei
683 2458 869 2515 sacrificasse
898 2458 969 2514 albo
993 2477 1097 2533 panno
1120 2460 1255 2516 involuta
1278 2479 1380 2530 manu,

69 2572 132 2636 per
152 2563 232 2635 quod
250 2561 409 2617 ostenditur
424 2558 512 2632 fidem
537 2559 636 2615 debere
659 2578 715 2614 esse
735 2564 870 2614 secretam
894 2556 1028 2628 (Servius
1052 2559 1128 2615 Aen.
1152 2557 1265 2633 1292),
1297 2580 1379 2617 com-

77 2680 137 2738 par
157 2677 270 2718 numen
293 2660 410 2735 iguvini
434 2661 543 2718 dextra
566 2660 700 2716 involuta
724 2660 865 2715 adorant.
910 2658 1082 2714 mandraclo
1104 2660 1239 2715 mantele
1262 2670 1310 2717 est
1333 2663 1378 2717 vel

77 2763 260 2820 mantellum
275 2780 336 2836 quo
350 2761 475 2818 Plautus
499 2770 581 2835 capt.
598 2762 657 2819 519
683 2761 775 2816 utitur
792 2779 847 2834 per
862 2760 1095 2816 translationem
1117 2769 1150 2816 ut
1172 2762 1380 2835 sucophantiis

77 2862 217 2936 sucisque
240 2862 332 2918 fidem
354 2861 418 2917 fieri
441 2879 534 2935 posse
558 2861 704 2929 declaret,
728 2880 778 2916 nec
793 2861 887 2916 ullum
909 2861 1078 2916 mantellum
1104 2860 1215 2917 abatiam
1239 2869 1285 2920 ert.
1316 2881 1381 2919 ma·

76 2981 173 3020 nuum
195 2964 413 3037 tergendarum
436 2981 528 3019 causa
551 2963 679 3019 insertur
708 2964 791 3019 idem
821 2963 916 3018 sacris
950 2962 981 3016 in
1004 2962 1109 3017 tabula
1132 2961 1201 3018 IIA
1223 2972 1253 3018 et
1278 2963 1302 3020 B
1326 2966 1380 3020 de·

77 3064 198 3138 scriptis
221 3082 302 3139 quae
325 3081 388 3120 non
410 3064 612 3121 conficiuntur
628 3064 693 3121 sine
714 3071 883 3139 unguento,
907 3064 1168 3137 quemadmodum
1180 3063 1381 3135 Robigalibus

77 3165 193 3222 flamini
216 3163 362 3235 Quirinali
385 3173 456 3221 exta
472 3166 556 3222 canis
572 3166 683 3222 daturo
705 3166 784 3222 iuter
806 3165 863 3221 alia
887 3172 953 3220 erat
977 3185 994 3218 a
1021 3164 1128 3220 dextra
1153 3164 1237 3220 villas
1258 3167 1382 3221 mantele

76 3267 181 3322 solutu
204 3265 344 3331 (Ovidius
368 3265 437 3325 last.
467 3262 614 3342 1V933).
660 3265 852 3322 mantrallklu
885 3265 1058 3321 mentraklu
1093 3266 1274 3322 vetustiores
1309 3267 1380 3322 scri-

78 3369 165 3440 bunt,
189 3369 395 3442 dpostmodo
431 3367 534 3440 genita
570 3367 698 3436 videtur,
734 3376 766 3423 ut
799 3367 976 3423 mantellum
996 3366 1156 3441 Byzantini
1177 3375 1330 3424 mutarunt
1352 3369 1382 3423 in

77 3462 255 3542 μανδήλιον
275 3463 439 3540 μανδίλιον
463 3462 639 3540 μανδύλιον
664 3467 848 3540 (Hesychius
863 3467 973 3524 Suidas
991 3467 1205 3544 Etymologica
1228 3469 1257 3525 in
1280 3464 1382 3542 χειρό-

82 3565 246 3643 μακτρον).
292 3578 391 3625 ortum
413 3577 461 3625 est
483 3587 521 3624 ex
543 3588 636 3626 manu
659 3571 816 3643 alteroque
839 3576 950 3642 etym0,
983 3578 1017 3625 ut
1039 3570 1100 3625 veri
1129 3569 1224 3626 simile
1247 3578 1310 3637 est,
1344 3587 1383 3625 eo

79 3671 166 3744 quod
188 3670 217 3725 in
240 3669 330 3726 Latio
355 3670 443 3724 lanea
468 3675 562 3725 tracta
586 3679 617 3726 et
640 3670 825 3727 tritissimam
847 3669 1033 3725 locutionem
1057 3687 1148 3724 mortu
1172 3675 1304 3725 tractare
1330 3688 1384 3744 pe-

79 3771 167 3845 perit.
212 3769 291 3848 dzjue
312 3771 447 3827 mantele
468 3770 577 3826 dicitur
597 3772 685 3845 quasi
709 3765 830 3845 διφυέε,
855 3769 1032 3842 bipartitum
1054 3768 1101 3823 vel
1124 3768 1262 3826 biforme.
1294 3777 1381 3843 pate-

81 3872 196 3929 faciunt
218 3872 297 3928 hunc
317 3880 437 3945 gestum
470 3871 692 3947 inlustrantque
726 3870 842 3927 nummi
866 3870 1043 3944 Tudertini,
1078 3887 1156 3944 quos
1188 3888 1252 3926 non
1285 3872 1380 3926 modo

80 3972 227 4030 Catellius
260 3973 372 4047 quique
406 3990 546 4029 nummos
577 3973 701 4029 Italicos
736 3973 926 4044 collegerunt
955 3972 1127 4028 sedetiam
1149 3970 1381 4043 inscriptionum

79 4074 282 4131 umbricarum
316 4074 450 4130 editores
473 4074 601 4150 Lepslus
625 4073 894 4147 Kirchhoifiusque
927 4074 1117 4147 spectandos
1140 4087 1329 4146 proposuere
1353 4079 1384 4126 et

34 4191 38 4197 ·
79 4176 291 4233 Mommsenus
307 4177 486 4245 numeravit,
511 4177 560 4250 qui
581 4176 651 4232 hinc
671 4193 800 4232 manum
815 4175 903 4249 quasi
923 4174 1047 4230 iurantis
1070 4173 1236 4229 involutam
1258 4172 1384 4228 manteli

79 4278 247 4334 decussato
271 4277 449 4344 ostendunt,
473 4277 554 4333 illinc
570 4274 688 4353 percas
703 4277 819 4353 opinor
842 4271 1013 4350 ommatius.
1058 4282 1089 4331 et
1111 4289 1236 4328 manum
1259 4272 1385 4344 quidem

79 4378 152 4434 olim
174 4376 302 4433 Lanzius
338 4384 369 4433 et
401 4375 596 4436 Cavedonius
632 4375 676 4454 (in
701 4380 883 4439 tabularum
905 4376 1140 4436 Catellianarum
1169 4373 1390 4430 commentario

79 4497 110 4552 p.
125 4475 158 4553 5)
181 4485 286 4534 caestu
307 4487 456 4535 armatam
478 4482 621 4537 dixerunt
650 4501 845 4566 perperam,
876 4481 985 4539 rectius
1011 4477 1222 4533 Mommsenus
1246 4473 1392 4533 cinctam.

79 4570 170 4635 Fidei
192 4578 310 4652 insigne
334 4578 426 4636 fuisse
448 4583 520 4639 ritus
543 4584 692 4656 iguvinus
714 4591 937 4654 demonstrat.
977 4580 1064 4635 destre
1086 4584 1186 4631 utrum
1210 4575 1334 4628 dextrae
1357 4575 1408 4644 sit

79 4695 155 4738 casu
178 4679 265 4735 tertio
287 4696 326 4735 an
350 4681 380 4734 in
405 4683 520 4754 dextra,
555 4703 616 4741 nec
655 4692 757 4778 liquet
792 4708 860 4747 nee
891 4698 1072 4759 magnopere
1106 4676 1243 4739 interest,
1271 4670 1421 4730 {Orlflsse

1222 4777 1238 4825 {t
