3742 5364
756 363 796 419 37
1216 423 1220 434 ,
1351 360 1426 418 vae

124 552 200 605 trus
229 539 381 604 Atiersir
410 540 503 621 posti
525 560 613 603 acnu
634 537 638 621 l
659 537 752 601 farer
803 545 859 600 bus
895 544 1026 602 Atiediis
1069 545 1101 601 in
1144 544 1257 618 agonia
1297 539 1301 618 Ι
1342 544 1428 601 farris

124 652 250 725 opeter
282 663 315 724 p.
337 642 407 704 IIII
440 660 527 722 agre
549 637 663 702 Tlatie
693 639 751 702 Pi·
802 645 875 701 boni
928 665 958 720 p.
1014 646 1072 702 IIII
1126 646 1190 720 agri
1243 645 1323 704 Latii
1379 645 1428 703 Pi-

124 745 225 828 quier
246 740 391 806 Martier
415 749 451 804 et
475 733 580 802 sesua
599 741 609 813 l
630 740 789 803 homo-10
804 746 842 803 cii
862 746 965 803 Martii
1000 753 1031 803 et
1064 763 1173 804 cenam
1208 744 1218 816 l
1254 747 1428 805 hominibus

227 953 251 1010 B
275 969 364 1008 versu
386 954 404 1011 9
418 950 514 1030 furer
538 959 630 1026 operer
650 953 744 1011 latine
767 949 877 1008 dicitur
888 951 994 1030 farris
1016 950 1092 1010 boni.
1130 948 1323 1026 participium
1345 948 1427 1006 enim

129 1060 236 1130 opelom
248 1061 296 1111 est
319 1053 384 1110 eius
408 1053 491 1110 verbi
514 1055 599 1128 quod
622 1055 654 1110 in
669 1055 727 1113 At
750 1053 909 1128 explicavi.
945 1056 984 1111 ab
1006 1053 1065 1110 hoc
1087 1059 1229 1127 optumum
1251 1058 1304 1108 aut
1326 1050 1427 1126 potius

125 1157 215 1232 quod
239 1175 258 1212 e
280 1153 375 1211 titulis
398 1153 499 1211 latinis
522 1154 603 1211 velut
627 1153 825 1214 Cimbro
849 1155 981 1211 innotuit
1005 1155 1158 1228 opilumum
1180 1161 1337 1210 extremae
1360 1159 1428 1209 tan-

127 1266 192 1315 tum
226 1256 357 1331 syllabae
379 1255 408 1310 vi
429 1256 612 1330 superlativa
636 1257 745 1316 differt.
790 1256 841 1312 illo
875 1256 1026 1312 adiectivo
1051 1262 1180 1312 veteres·
1203 1261 1326 1310 utuntur
1358 1271 1427 1310 cum

129 1360 203 1434 quid
227 1359 379 1432 imperant
400 1367 434 1415 ut
455 1365 627 1433 praestetur
649 1377 708 1415 nec
730 1366 837 1415 notam
860 1359 902 1414 rei
924 1358 1130 1431 praestandae
1147 1356 1308 1413 certiorem
1329 1355 1428 1429 adpo·

125 1468 211 1529 nunt,
234 1468 267 1518 ut
289 1460 320 1516 in
344 1460 412 1534 lege
436 1459 554 1533 collegii
575 1459 696 1516 Dianae
720 1467 751 1515 et
763 1458 890 1516 Antinoi
913 1457 1062 1515 Lanuvini
1081 1456 1219 1516 Henzen.
1245 1458 1325 1516 6086
1348 1457 1427 1530 quis·

126 1563 194 1637 quis
226 1563 256 1618 in
285 1561 339 1617 hoc
367 1561 519 1634 collegium
552 1562 666 1617 rrzlrure
692 1561 825 1632 voluerii,
865 1559 945 1616 dubit
971 1559 1141 1633 kapitulari
1169 1558 1282 1614 nomz'rre
1309 1556 1379 1616 Cn.
1403 1564 1430 1614 ct

127 1657 221 1740 v(im)
245 1661 312 1719 boni
332 1661 498 1736 amphoram
522 1662 568 1718 vel
594 1662 624 1718 in
648 1661 826 1719 Catonianis
850 1663 890 1718 de
916 1679 947 1717 re
969 1669 1041 1720 rust.
1066 1662 1103 1720 76
1128 1659 1220 1716 r'ndilo
1242 1659 1338 1714 mellis
1360 1657 1431 1715 boni

120 1774 154 1839 p.
179 1764 266 1824 IIII.
288 1763 435 1837 leianus
459 1763 647 1836 digestorum
670 1761 817 1818 XXXXV
842 1764 869 1830 1,
898 1763 935 1820 75
960 1756 1061 1836 ‘siquis
1085 1761 1185 1818 vinum
1208 1760 1428 1818 frumentumve

128 1867 194 1922 sine
207 1865 351 1940 qualitate
364 1864 431 1921 dari
453 1862 509 1920 sibi
533 1863 699 1937 stipulatur,
723 1863 871 1919 incertum
895 1863 1022 1919 deducit
1043 1863 1073 1918 in
1089 1862 1309 1936 obligationem
1331 1879 1427 1936 usque

131 1968 225 2034 aden,
246 1972 280 2022 ut
303 1965 396 2040 siquis
419 1965 463 2021 ita
487 1964 646 2038 stipulatus
666 1964 704 2019 sit
726 1963 837 2019 “tritici
861 1963 953 2019 Africi
976 1963 1048 2020 boni
1070 1963 1191 2019 modios
1212 1973 1345 2032 centurn,
1367 1963 1428 2018 vini

132 2067 283 2142 Campani
299 2066 372 2123 boni
394 2065 558 2140 amphoras
575 2058 731 2132 centum’‘‚
752 2064 902 2120 incertum
922 2064 1061 2120 videatur
1084 2064 1228 2138 stipulari,
1251 2066 1320 2139 quia
1343 2068 1425 2123 bono

128 2170 235 2226 melius
248 2156 375 2238 inveniri
396 2175 509 2242 potest.
555 2185 614 2240 quo
627 2166 660 2222 fit
681 2175 714 2223 ut
736 2167 809 2223 boni
833 2166 998 2240 appellatio
1021 2183 1084 2223 non
1105 2167 1144 2222 sit
1156 2174 1260 2223 certae
1276 2167 1318 2222 rei
1335 2167 1426 2241 signi·

128 2270 257 2338 ficativa,
281 2289 350 2327 cum
372 2270 405 2324 id
417 2269 500 2342 quod
523 2270 605 2324 bono
628 2268 733 2324 melius
757 2269 804 2333 sit,
829 2267 927 2342 ipsum
943 2285 1063 2341 quoque
1086 2270 1200 2325 bonum
1222 2269 1269 2326 sit.
1304 2276 1336 2324 at
1359 2286 1426 2325 cum

129 2374 278 2448 optimum
291 2372 357 2446 quis
381 2371 547 2444 stipulatur,
570 2371 602 2426 id
616 2371 751 2445 stipulari
773 2370 965 2444 intellegitur,
990 2370 1206 2426 cuiusbonitas
1229 2369 1427 2444 principalem

128 2475 258 2550 gradum
280 2473 426 2530 bonitatis
444 2471 547 2539 habet,
584 2490 662 2544 quae
685 2489 733 2527 res
757 2471 853 2528 efficit
873 2480 907 2528 ut
928 2491 967 2528 ea
989 2471 1155 2547 appellatio
1179 2472 1254 2527 certi
1276 2470 1427 2545 significa·

131 2576 192 2632 tiva
225 2570 281 2632 sit'.
325 2575 428 2647 itaque
450 2592 518 2629 curn
541 2574 610 2630 alibi
643 2581 706 2628 tum
740 2574 770 2628 in
792 2573 978 2631 Diocletiani
1001 2574 1106 2630 edicto
1136 2572 1186 2629 hic
1219 2573 1427 2647 frequentatur

128 2694 228 2732 rerum
250 2675 399 2731 venalium
423 2675 526 2731 titulus
550 2675 649 2729 laridi
667 2675 770 2747 ophini,
804 2676 885 2730 malo
909 2675 1024 2749 optima,
1046 2675 1189 2748 scriptori
1218 2676 1250 2730 in
1277 2676 1427 2749 scriptura
1453 2672 1456 2676 ’

129 2779 243 2851 optirna.

233 2878 327 2934 Tlolie
361 2877 486 2950 Piquier
518 2875 651 2934 Marlier
682 2878 808 2935 nomina
841 2878 904 2952 agri
937 2879 1021 2952 genti
1050 2876 1228 2934 Claverniae
1261 2877 1426 2952 adsignati,

129 2999 220 3056 quem
242 2979 423 3054 vectigalem
456 2978 561 3053 templi
583 2979 795 3053 publicumque
828 2980 919 3036 luisse
943 2979 1004 3034 veri
1036 2979 1132 3035 simile
1155 2987 1212 3052 est,
1246 2980 1427 3054 populorum

128 3081 302 3138 Italicorum
325 3080 458 3154 origines
489 3081 612 3155 egregie
644 3080 813 3140 inlustrant.
858 3099 876 3136 a
906 3082 976 3154 pico
1007 3081 1089 3137 enim
1110 3080 1218 3137 Martis
1246 3099 1314 3137 cum
1348 3081 1428 3138 hunc

129 3200 236 3256 agrum
258 3181 447 3238 nominatum
459 3180 574 3238 Picium
586 3181 729 3238 Martium
752 3189 814 3238 tum
838 3190 935 3239 totum
951 3183 1094 3239 Picenum
1117 3199 1224 3238 omnes
1247 3190 1427 3256 agnoscunt.

128 3286 190 3341 iarn
216 3283 312 3339 Tlalie
333 3300 464 3339 necesse
484 3282 539 3338 fuit
561 3283 655 3338 latina
677 3282 780 3356 lingua
803 3283 911 3339 mutari
933 3283 965 3338 in
982 3282 1076 3338 Latii.
1122 3282 1196 3356 quid
1219 3283 1308 3357 igitur
1330 3282 1427 3355 magis

129 3387 160 3442 in
182 3392 324 3460 promptu
352 3392 399 3440 est
425 3383 564 3440 conicere
587 3401 678 3457 quam
710 3384 848 3441 indidem
881 3384 962 3440 unde
987 3382 1216 3440 Claverniorum
1249 3384 1279 3440 in
1302 3383 1428 3441 Vmbria

129 3504 215 3560 agm,
245 3485 336 3542 Latio
359 3485 416 3542 toti
438 3485 620 3559 Latinisque
640 3485 817 3558 impositum
839 3503 909 3541 esse
931 3481 1062 3542 nomen?
1105 3503 1177 3541 nam
1200 3486 1284 3560 quod
1306 3485 1427 3543 Latium

129 3596 161 3644 et
183 3587 285 3644 Latini
308 3589 347 3644 ab
369 3587 449 3644 Enni
471 3594 573 3644 aetate
596 3588 726 3662 primam
749 3588 921 3662 corripiunt,
958 3587 1050 3643 Tlalie
1072 3596 1176 3644 autem
1203 3605 1221 3642 a
1244 3587 1306 3644 tolo
1329 3587 1427 3644 tolato

129 3689 246 3744 dictum
268 3689 402 3745 eandem
424 3689 567 3746 habuisse
589 3690 771 3763 productam
793 3689 922 3756 videtur,
951 3689 983 3745 id
1005 3689 1036 3744 in
1058 3689 1156 3746 caseis
1181 3689 1367 3763 temporibus
1390 3706 1427 3744 ac

129 3790 301 3846 nominibus
325 3808 463 3864 prorsum
485 3790 650 3864 neglegere
673 3791 718 3846 fas
741 3798 798 3857 est,
827 3791 852 3846 si
875 3791 1000 3864 quidem
1023 3790 1118 3847 etiam
1138 3791 1235 3846 statim
1258 3799 1288 3847 et
1305 3791 1427 3863 polenta

129 3890 249 3946 Romae
273 3899 342 3964 post
364 3892 474 3948 bellum
495 3891 732 3948 Hannibalicum
754 3909 791 3947 ex
817 3892 972 3948 trochaica
992 3901 1023 3948 et
1045 3892 1213 3950 bacchiaca
1234 3892 1265 3948 in
1287 3891 1427 3966 pyrrichii

129 4000 161 4046 et
177 3991 407 4066 amphibrachys
430 4010 603 4049 mensuram
626 3993 818 4050 transierunt.
846 3988 968 4051 πλατύ(
980 3993 1030 4066 qui
1050 4002 1267 4067 compararunt
1283 4012 1351 4050 curn
1371 4011 1427 4050 no·

128 4092 211 4147 mine
224 4091 344 4159 Latino,
366 4092 427 4148 nilo
451 4093 517 4166 plus
541 4110 596 4149 eos
619 4111 711 4166 agere
735 4095 844 4168 opinor
864 4112 956 4167 quam
979 4095 1029 4168 qui
1052 4095 1126 4150 olim
1142 4093 1261 4151 Saturni
1283 4093 1426 4163 latebras,

129 4200 182 4250 aut
204 4193 284 4249 adeo
318 4193 425 4260 minus,
459 4194 603 4268 quoniam
630 4194 765 4251 divinam
798 4194 976 4251 memoriam
999 4195 1028 4252 hi
1052 4193 1245 4270 originationi
1270 4212 1344 4252 suae
1372 4196 1428 4251 ad-

128 4295 279 4352 miscuere
300 4295 373 4352 satis
395 4295 570 4369 prudenter.

231 4413 317 4452 versu
341 4399 380 4454 10
400 4397 472 4452 eiscu
496 4399 619 4454 verbum
641 4397 816 4453 incohativa
837 4398 942 4471 specie
966 4397 1082 4456 tactum
1111 4400 1149 4456 ab
1172 4399 1286 4465 eund0‚
1320 4400 1430 4459 transi·

128 4497 222 4554 tivum
243 4506 277 4552 ut
302 4496 399 4553 scisco
422 4496 531 4572 legem,
566 4499 717 4555 adsuesco
750 4515 876 4570 puerum
906 4500 1011 4558 labori.
1058 4499 1209 4575 significat
1229 4507 1335 4575 aperte
1358 4502 1431 4578 τοῖς

129 4596 275 4672 μετιοῦσι
304 4593 362 4656 τὸν
384 4596 484 4657 σῖτον.
528 4617 607 4656 cena
638 4597 819 4655 aestimatur·
838 4602 956 4658 assibus
980 4617 1035 4658 sex
1064 4602 1156 4678 idque
1188 4600 1317 4677 pretium
1340 4600 1436 4663 dein·

128 4714 202 4772 ceps
225 4713 287 4753 non
308 4706 450 4767 mutatur,
484 4718 523 4757 ne
556 4700 587 4756 in
610 4697 744 4756 Casilate
767 4701 901 4780 quidem,
933 4711 1056 4761 utnon
1079 4715 1141 4765 tam
1162 4704 1305 4762 alimenta
1327 4699 1442 4781 singu-
