3742 5364
230 336 294 396 vla
301 340 343 398 48
358 339 392 395 In
401 341 440 399 10
860 340 899 397 86

229 519 311 601 pusi.
343 539 443 583 ocrer
485 519 638 601 pihaner.
688 529 849 582 sururont
864 543 888 581 n
903 524 980 580 lator
1003 524 1089 599 quasi
1121 524 1199 582 arcis
1230 525 1375 598 piandae.
1421 522 1537 581 itidem

230 729 352 785 minime
376 727 519 801 equidem
542 726 638 800 probo
662 725 747 783 Pauli
780 734 832 782 aut
861 725 1016 783 nobilioris
1040 744 1057 781 a
1081 743 1143 800 quo
1175 725 1224 783 ille
1247 727 1371 801 accepit
1393 727 1536 785 auctoris

230 828 408 904 opinionem
431 845 544 884 nomen
566 829 667 884 inesse
689 829 721 884 in
744 827 793 884 illo
816 827 898 883 idem
921 827 1006 900 quod
1029 827 1060 882 in
1082 835 1183 900 reapse
1205 827 1409 899 declarantis,
1440 845 1536 903 prae·

231 931 336 988 sertim
359 947 428 987 cum
449 929 564 986 usitata
599 930 730 985 maxime
765 928 841 985 haee
877 928 966 984 fuerit
999 926 1128 985 formula
1159 928 1282 1002 siremps
1315 929 1369 984 lea·
1399 946 1448 985 res
1483 928 1535 983 ius

231 1049 390 1104 cerussaque
410 1031 535 1087 oneneiem
557 1048 655 1086 rerum
678 1035 733 1084 esto
764 1038 818 1084 aut
840 1029 948 1086 saltem
975 1030 1098 1085 ormn'um
1122 1048 1222 1086 reram
1244 1030 1365 1103 siremps
1387 1029 1441 1084 lex
1463 1033 1535 1096 esto,

230 1133 322 1188 immo
342 1133 428 1188 sirene
450 1132 628 1207 provenisse
651 1141 725 1205 puto
759 1148 795 1185 ex
822 1130 902 1185 sisela
936 1131 1093 1205 duplicata
1116 1131 1209 1205 stirpe
1232 1130 1436 1206 pronominali
1459 1147 1535 1189 eam

231 1233 270 1289 ob
293 1249 419 1289 causam
442 1251 503 1307 qua
534 1233 607 1289 olim
636 1233 793 1290 acciderat
822 1239 855 1287 ut
886 1249 992 1288 casum
1014 1233 1202 1306 pronomInis
1228 1231 1424 1307 duplicarent
1446 1248 1535 1287 emera

231 1334 370 1391 dieentes
393 1335 527 1390 eundem
540 1331 666 1408 (Paulus
678 1351 706 1407 p.
721 1332 784 1409 76),
810 1351 909 1407 neque
928 1333 988 1390 alia
1008 1334 1128 1390 ratione
1144 1333 1265 1390 differre
1287 1334 1374 1389 sr'rem
1391 1330 1430 1387 ab
1446 1329 1535 1398 err'rre,

231 1435 316 1508 quod
336 1437 365 1492 in
390 1435 525 1511 Odyssia
547 1436 663 1493 Livium
686 1437 806 1493 conicio
839 1436 980 1510 posuisse
1014 1433 1139 1509 (Festus
1161 1454 1191 1510 p.
1207 1436 1266 1494 162
1301 1435 1446 1491 necerim
1480 1453 1536 1491 nec

231 1531 316 1612 eum),
339 1554 432 1614 quam
452 1555 514 1592 sane
537 1546 568 1593 et
589 1546 675 1611 sapsa
698 1538 820 1594 abeam
843 1546 874 1592 et
898 1538 971 1610 apsa.
1016 1539 1056 1593 ad
1090 1537 1257 1594 embricam
1287 1535 1467 1612 particulam
1499 1544 1535 1593 ut

230 1637 403 1703 redeamus,
426 1638 547 1711 saepius
571 1656 663 1712 qnam
685 1644 831 1695 suraront
850 1646 970 1694 tantum
992 1644 1094 1695 surani
1114 1639 1259 1712 seriptum
1280 1637 1420 1712 legimuS,
1443 1638 1535 1711 quod

231 1735 352 1794 difficile
375 1739 461 1795 dictu
479 1748 527 1794 est
552 1749 650 1795 utrum
673 1740 711 1796 ab
735 1740 829 1814 stirpe
845 1739 972 1814 simplici
994 1758 1030 1796 ac
1047 1757 1109 1795 non
1124 1740 1280 1813 geminata
1295 1739 1334 1796 sit
1350 1739 1533 1806 deductum,

231 1838 289 1893 etsi
310 1856 363 1893 sur
386 1858 448 1895 non
472 1840 545 1896 item
567 1849 601 1896 ut
629 1859 721 1895 surur
748 1839 972 1908 adhibuerunt,
1003 1859 1043 1896 an
1075 1850 1218 1898 coactum
1254 1841 1294 1896 sit
1319 1857 1358 1896 ex
1391 1838 1535 1914 pleniore

143 1998 148 2007 ,
231 1940 334 2008 verbu,
360 1943 622 2014 quemadmodum
645 1942 746 1999 Latini
776 1949 933 2016 gnararat
953 1950 1202 2017 compresserunt
1234 1942 1264 1997 in
1294 1946 1405 1997 narrat
1426 1940 1473 1997 vel
1498 1948 1535 1997 ut

233 2039 361 2097 Varroni
386 2043 499 2116 placuit
520 2042 610 2098 scribi
633 2049 731 2098 norat.
777 2051 986 2100 consonantes
1010 2043 1091 2100 enim
1109 2042 1214 2099 Vmbri
1235 2042 1420 2099 vetustiores
1442 2059 1534 2099 num·

232 2157 322 2214 quam
343 2142 547 2217 duplicarunt,
582 2160 648 2200 raro
672 2144 869 2211 recentiores,
892 2145 971 2201 duas
996 2164 1013 2199 r
1035 2162 1074 2200 ne
1097 2143 1127 2199 hi
1151 2144 1275 2219 quidem
1304 2143 1364 2199 ullo
1388 2142 1560 2218 exemplo·

232 2243 389 2317 scripsisse
410 2244 587 2318 probantur.
632 2245 803 2319 significatu
827 2246 885 2302 tria
906 2244 984 2302 haec
1005 2264 1098 2301 sarar
1127 2250 1234 2301 surent
1261 2249 1403 2300 surmont
1429 2244 1461 2300 in
1483 2251 1535 2301 ta·

231 2342 308 2399 bulis
331 2345 441 2399 nostris
467 2345 592 2402 omnino
625 2355 807 2418 congruunt,
842 2346 911 2403 licet
940 2347 1061 2420 gravius
1092 2345 1250 2420 qnondam
1284 2361 1321 2401 ac
1355 2344 1534 2403 distinctius

234 2445 355 2502 tertium
378 2464 467 2520 quam
490 2447 619 2521 primum
652 2446 740 2504 luerit
774 2451 816 2505 ad
849 2448 1123 2505 demonstrandam
1147 2447 1391 2513 similitudinem,
1424 2462 1534 2504 verum

232 2547 299 2620 quis
325 2549 406 2604 ausit
427 2547 554 2605 definire
576 2556 691 2621 quanto
716 2549 827 2622 ubique
852 2550 990 2623 pondere
1013 2549 1129 2606 distent
1152 2549 1216 2603 itera
1238 2556 1270 2603 et
1296 2528 1533 2603 ite'demi'com-

231 2649 382 2720 parationi
404 2650 494 2723 igitur
516 2650 619 2705 omnia
642 2650 822 2719 inserviunt,
842 2652 875 2707 id
897 2651 982 2724 qnod
1004 2666 1184 2724 comparare
1206 2649 1344 2705 iubemur
1367 2656 1418 2705 aut
1441 2664 1535 2721 prae·

233 2749 412 2806 cedentibus
437 2751 533 2808 verbis
556 2770 733 2826 expressum
757 2762 805 2810 est
827 2754 908 2810 velut
932 2753 1037 2808 tacitus
1052 2752 1235 2825 precamine,
1266 2768 1359 2806 surur
1385 2748 1535 2823 porricito

232 2851 284 2907 ubi
303 2870 396 2907 surur
417 2854 460 2909 ad
481 2860 555 2910 tases
586 2857 718 2930 respicit,
752 2864 805 2913 aut
827 2863 977 2930 sequente
999 2855 1074 2927 pust
1101 2851 1250 2927 particula
1277 2850 1460 2926 adiungitur,
1498 2859 1536 2909 ut

232 2952 296 3008 item
318 2960 350 3008 et
370 2954 507 3028 sirempse
528 2955 622 3014 latina
646 2957 748 3032 excipi
770 2956 871 3013 solent
894 2956 932 3013 ab
955 2962 988 3011 ut
1008 2963 1039 3012 et
1063 2955 1156 3028 quasi.

332 3073 415 3111 oerer
428 3056 567 3130 paterer.
612 3059 675 3114 duo
697 3057 728 3113 hi
750 3057 883 3130 genetivi
906 3055 957 3112 ubi
979 3056 1092 3112 eodem
1113 3055 1209 3112 modo
1235 3053 1399 3129 compositi
1420 3054 1536 3129 legun·

232 3162 279 3212 tur
303 3153 344 3210 VI
359 3155 418 3215 Aa
442 3165 474 3214 et
497 3160 534 3215 19
558 3167 590 3214 et
612 3161 663 3225 20,
693 3166 744 3215 aut
767 3158 892 3214 nomina
915 3176 995 3231 quae
1018 3173 1072 3213 eos
1095 3163 1211 3229 regant·
1225 3155 1340 3212 adsunt
1364 3151 1481 3233 versele
1500 3163 1536 3213 et

231 3256 344 3311 esoneir
365 3266 417 3314 aut
438 3259 626 3332 praepositio
641 3267 729 3332 paca.
765 3257 823 3316 hoc
847 3258 915 3315 loco
939 3257 1114 3315 adstrictior
1137 3265 1185 3314 est
1207 3257 1368 3314 verborum
1390 3272 1535 3331 compre·

232 3356 340 3414 hensio
362 3360 627 3434 repetentiumque
642 3377 680 3416 ex
696 3360 901 3435 superioribus
924 3360 966 3416 ad
981 3360 1068 3433 quod
1082 3358 1244 3432 genetivos
1259 3364 1401 3433 aptemus
1413 3373 1535 3417 nomen

232 3458 331 3516 avium
354 3460 400 3516 vel
422 3461 635 3535 auspiciorum.
681 3462 783 3519 similis
811 3463 943 3519 brevitas
973 3461 1004 3517 in
1026 3460 1203 3534 gerundivis
1227 3458 1328 3517 latinis
1352 3458 1433 3515 valet
1454 3475 1536 3517 casu

232 3560 353 3628 eodem,
377 3559 535 3619 Sallustius
557 3563 634 3619 dixit
665 3578 749 3620 arma
772 3564 845 3637 cepit
863 3562 1008 3620 libertatis
1028 3560 1238 3618 subvertendae
1271 3561 1393 3636 aliaque
1425 3558 1534 3619 huius·

232 3661 317 3718 modi
339 3671 488 3736 congesta
510 3665 549 3720 ab
571 3665 786 3739 interpretibus
813 3664 884 3721 belli
901 3662 1112 3735 Casilinates,
1132 3666 1160 3730 7,
1184 3663 1214 3719 in
1238 3662 1324 3720 titulo
1339 3659 1534 3719 Mummiano

233 3759 308 3820 CIL.
325 3762 415 3821 1542
439 3765 625 3823 adiectivum
646 3766 762 3841 plurale
784 3767 944 3840 genetivos
966 3766 1053 3824 ducit
1075 3765 1215 3839 cogendee'
1235 3762 1427 3820 desselbender'
1444 3766 1475 3817 tu
1500 3769 1536 3819 ut

223 3859 341 3938 facilia
359 3864 493 3943 saxsees.
539 3868 686 3925 docemur
719 3878 822 3926 autem
856 3868 955 3924 verbis
989 3867 1046 3924 illis
1079 3866 1218 3941 auspicia
1247 3867 1276 3922 ei
1296 3865 1348 3940 qui
1380 3861 1533 3939 populum

232 3965 392 4023 lustratum
415 3975 467 4023 eat
489 3976 521 4024 et
542 3969 678 4044 expianti
702 3989 804 4028 arcem
826 3970 919 4045 plane
934 3971 1048 4027 eodem
1069 3969 1128 4025 ritu
1143 3984 1213 4024 esse
1237 3968 1399 4042 capienda,
1422 3965 1532 4039 itaque

233 4083 313 4140 quae
336 4066 384 4125 hic
407 4069 591 4128 adumbrata
614 4081 684 4129 sunt
706 4073 853 4146 quoniam
885 4073 983 4129 lucem
1017 4078 1166 4144 expetunt
1194 4071 1233 4126 ab
1262 4070 1307 4127 eis
1330 4084 1409 4143 quae
1432 4066 1532 4142 expli·

234 4179 304 4228 cata
326 4172 357 4226 in
383 4170 463 4229 VIA
485 4172 635 4248 leguntur,
667 4185 697 4231 et
722 4173 907 4249 singularem
929 4172 1009 4230 hanc
1032 4190 1094 4229 rem
1115 4172 1330 4246 comperimus
1362 4169 1453 4227 alium
1475 4169 1534 4227 sti·

232 4273 336 4348 pulari,
361 4274 452 4331 alium
475 4275 645 4335 observatis
668 4277 774 4334 avibus
797 4276 949 4341 nuntiare,
969 4276 993 4332 si
1015 4275 1139 4349 quidem
1158 4274 1218 4330 illic
1234 4274 1370 4347 stipulari
1392 4270 1535 4331 adsertor

233 4374 280 4431 vel
301 4375 411 4433 flamen
436 4379 585 4447 scribitur,
608 4377 761 4450 combefiem
785 4396 877 4452 quem
899 4377 1011 4435 flamen
1030 4379 1061 4434 in
1078 4376 1248 4451 auspicium
1272 4374 1399 4434 adhibet
1422 4389 1533 4447 augur,

233 4481 265 4533 et
286 4475 365 4534 hanc
387 4480 546 4539 universae
569 4479 814 4555 interpretationi
836 4479 951 4547 utilem,
985 4496 1048 4535 non
1082 4478 1209 4535 indicari
1235 4478 1265 4533 in
1287 4475 1346 4532 hac
1368 4474 1436 4548 lege
1458 4474 1533 4533 sub·

233 4579 347 4636 lectum
369 4581 535 4639 subiective
558 4582 758 4639 mutationem
781 4583 806 4639 si
831 4583 898 4656 ipsa
914 4580 1037 4638 actione
1059 4581 1085 4637 is
1109 4579 1159 4654 qni
1181 4591 1253 4655 agat
1275 4577 1455 4652 designetur
1477 4586 1536 4637 aut

234 4681 365 4743 discerni
388 4692 516 4762 agentes
537 4701 601 4742 non
623 4684 663 4745 sit
684 4702 825 4761 necesse.
870 4683 970 4759 legem
996 4683 1058 4742 XII
1080 4682 1196 4742 contuli
1219 4683 1260 4742 ad
1283 4681 1310 4737 V
1330 4681 1357 4740 A
1381 4682 1432 4751 17,
1455 4697 1534 4741 con·

1664 4526 1678 4565 μ’
