3742 5364
702 345 705 351 ’
769 359 807 415 31
947 327 952 336 ’
1362 359 1437 420 Va‘t

138 549 175 603 te
195 537 200 622 1
221 556 283 602 eru
312 547 470 601 emantur
502 536 611 609 berte,
646 542 681 597 et
713 534 762 615 pi·
814 549 844 596 te
865 533 869 618 Ι
893 557 946 598 eas
979 541 1039 598 emi
1073 550 1227 617 oporteat,
1261 552 1291 601 et
1312 545 1437 620 ¹piaclo·

137 639 245 703 haklu
258 630 517 720 puneltribdisu
531 635 645 709 fuiest,
661 635 763 696 akru-
813 659 879 697 rum
912 659 1005 716 quom
1027 635 1030 719 l
1051 644 1149 699 ternio
1186 643 1248 711 fiet,
1286 663 1324 702 ex
1362 665 1437 721 agro

138 750 176 803 tu
197 741 361 814 revestui
384 749 523 802 emantu
547 738 656 800 herte.
703 741 934 799 ad·10revisito
963 739 972 811 l
1002 743 1103 800 emine
1146 754 1297 818 oporteat.
1384 746 1438 803 fla-

137 841 248 904 fertur
279 841 347 923 pisi
382 859 511 922 pumpe
532 836 536 919 Ι
557 835 637 910 fust,
676 837 761 900 erek
812 859 881 897 men
919 843 969 916 qui
1007 861 1162 918 quomque
1195 839 1287 923 lerit,
1325 848 1349 904 is
1386 864 1436 904 sa-

240 1066 327 1105 versu
351 1052 369 1108 8
391 1049 470 1105 laerte
500 1048 594 1104 modo
629 1046 794 1103 indicativo
827 1054 985 1121 utsupra,
1019 1065 1204 1123 quamquam
1226 1049 1437 1124 principalium

139 1151 301 1207 verborum
323 1152 444 1207 diversa
477 1149 554 1205 ratio
584 1137 632 1204 es't
661 1148 821 1221 aptiorque
845 1149 886 1203 ad
908 1149 1034 1205 videndi
1056 1150 1182 1207 verbum
1215 1152 1437 1219 coniunctivus,

54 1300 56 1305 .
138 1255 164 1310 si
186 1270 235 1309 res
257 1253 324 1327 ipsa
338 1251 516 1308 enuntiatur
538 1250 621 1306 nullo
637 1250 773 1308 circuitu.
811 1250 946 1306 similiter
958 1249 1037 1308 Cato
1058 1253 1097 1308 de
1120 1253 1185 1326 agri
1207 1254 1325 1310 cultura
1338 1255 1436 1328 capti

137 1355 251 1410 oeream
274 1372 328 1427 quo
349 1353 379 1408 in
402 1371 477 1426 agro
501 1351 613 1408 conseri
633 1356 750 1424 oportet,
770 1351 813 1406 sic
836 1350 991 1417 observato,
1013 1353 1097 1409 idem
1118 1354 1212 1428 paulo
1234 1362 1306 1410 ante
1329 1373 1437 1429 agrum

138 1454 243 1529 quibus
265 1455 336 1510 locis
358 1455 500 1520 conteres,
521 1453 562 1508 sic
583 1450 736 1508 observari
754 1458 869 1526 oportet.
913 1461 944 1509 at
968 1455 1061 1511 etiam
1083 1454 1263 1512 insolentior
1285 1465 1436 1513 structura

139 1557 242 1612 statim
256 1556 401 1629 sequitur.
429 1572 469 1610 ex
484 1573 558 1628 agro
580 1554 673 1609 videto
689 1560 823 1609 emantur
845 1553 904 1610 hoc
926 1572 965 1610 ne
988 1572 1005 1609 a
1029 1555 1123 1612 latino
1147 1558 1271 1631 quidem
1294 1576 1436 1614 sermone

138 1657 271 1713 alienum
291 1664 349 1722 est,
381 1657 438 1712 sed
461 1656 545 1730 quod
568 1656 699 1711 accessit
721 1672 824 1712 rursus
858 1654 955 1711 herter
977 1664 1009 1712 ut
1032 1656 1253 1738 significaretur
1285 1660 1360 1714 unde
1382 1660 1439 1714 emr'

92 1762 97 1772 “
118 1830 120 1833 .
138 1764 265 1831 oporteat
284 1766 338 1813 aut
359 1762 392 1813 ut
412 1763 545 1813 ementur
565 1757 595 1812 ρι’
615 1763 732 1830 oportet,
768 1757 894 1813 verbum
917 1757 1003 1813 vides
1027 1758 1170 1832 coepisse
1193 1760 1277 1816 abire
1308 1760 1340 1816 in
1355 1776 1435 1817 ‘con-

129 1859 324 1916 iunctionem
347 1876 427 1933 quae
449 1859 662 1915 mandantium
685 1858 844 1916 sententiis
867 1859 1037 1914 adderetur
1066 1859 1199 1934 insuper,
1232 1860 1268 1920 cf.
1292 1861 1368 1917 herti
1388 1861 1435 1917 vel

139 1972 169 2019 et
192 1963 242 2020 lat.
267 1964 341 2021 licet.
368 1963 399 2019 in
419 1962 564 2037 proximis
587 1960 746 2036 respicitur
768 1962 809 2016 ad
831 1960 998 2017 hostiarum
1021 1960 1222 2034 piacularium
1246 1962 1349 2035 trigas,
1372 1971 1434 2018 tres

138 2064 232 2120 boves
267 2072 328 2121 tres
362 2081 433 2121 sues
467 2073 527 2120 tres
547 2081 621 2120 oves
654 2063 692 2121 al.
712 2053 822 2136 quibus
845 2079 922 2136 opus
953 2071 1001 2118 est
1024 2063 1065 2119 ad
1093 2080 1195 2120 arcem
1227 2064 1434 2137 populumque

139 2166 330 2222 lustrandum
364 2167 426 2224 tab.
449 2165 472 2225 l.
510 2166 652 2238 piaclum,
681 2164 781 2237 piacli
809 2164 901 2220 etiam
933 2164 964 2219 in
998 2163 1093 2220 latino
1129 2163 1217 2220 titulo
1249 2165 1432 2239 perantiquo

138 2267 284 2340 scriptum
307 2275 354 2323 est
373 2263 485 2342 (Bruns
508 2266 637 2323 fontium
659 2266 731 2321 iuris
754 2265 790 2323 R.
813 2284 843 2339 p.
866 2259 945 2343 45⁴),
974 2265 1118 2338 pz'acolom
1140 2266 1172 2321 in
1195 2265 1276 2321 libris
1301 2266 1434 2340 antiquis

95 2348 97 2354 l
142 2367 301 2423 foederum
318 2377 349 2425 et
364 2367 465 2442 legum
481 2367 574 2424 fuisse
590 2366 704 2424 Marius
716 2366 891 2422 Victorinus
914 2384 943 2440 p.
958 2369 1006 2433 12,
1025 2368 1040 2423 1
1064 2367 1103 2426 Κ.
1127 2374 1268 2433 testatur,
1290 2374 1436 2440 quattuor

141 2470 271 2543 syllabas
291 2472 322 2526 in
343 2488 430 2526 versu
453 2468 595 2526 Plautino
618 2468 723 2542 inplet.

237 2589 325 2627 versu
352 2574 388 2630 11
413 2579 539 2644 erepturus
550 2570 653 2649 salsae
676 2571 751 2644 quid
774 2569 897 2625 valeant
929 2587 1035 2643 parum
1059 2576 1175 2625 certum
1198 2577 1255 2636 est,
1282 2587 1341 2626 nec
1364 2587 1435 2644 pos-

140 2681 209 2729 sent
232 2674 291 2729 ulla
312 2673 431 2729 ratione
447 2672 596 2738 extricari,
619 2671 676 2726 nisi
698 2671 780 2727 verbi
802 2688 821 2726 a
843 2679 967 2743 oepurus
989 2671 1074 2727 ducti
1097 2671 1292 2745 imperativus
1315 2679 1434 2728 extaret

138 2775 198 2832 tab.
212 2773 240 2830 ll
264 2775 290 2830 A
313 2776 351 2831 41
376 2779 529 2846 oepurotu,
553 2789 631 2828 unus
653 2773 774 2828 medius
797 2772 876 2828 inter
890 2772 1048 2827 commolita
1071 2780 1103 2828 et
1125 2773 1249 2845 integris
1264 2773 1435 2827 eomrnolz'tr's

132 2880 275 2948 precator.
320 2875 464 2948 quoniam
497 2873 588 2946 igitur
619 2871 826 2928 commolendi
848 2872 997 2928 vocabulo
1030 2873 1061 2928 in
1084 2872 1129 2930 his
1161 2873 1271 2930 tabulis
1294 2892 1434 2948 compre·

139 2976 232 3033 hendi
255 2976 356 3032 solent
377 2993 457 3050 quae
479 2973 585 3032 1V129
609 2991 648 3032 ss‚
673 2974 862 3046 distinguere
885 2974 957 3030 licet
980 2983 1113 3048 cognata
1136 2973 1380 3032 Commoleudae
1402 2985 1434 3032 et

139 3077 321 3134 Adolendae
337 3076 513 3142 ministeria,
536 3075 662 3131 verbum
677 3074 752 3130 illud
773 3075 870 3148 ipsam
887 3076 1010 3149 attingit
1022 3076 1249 3136 cremationem.
1272 3087 1436 3151 vepuratur

140 3187 242 3235 autem
254 3179 365 3252 capide
380 3185 483 3250 pones,
507 3177 592 3250 quod
607 3193 795 3249 quamquam
813 3194 869 3250 pro
894 3184 960 3232 ture
977 3177 1026 3233 alii
1048 3176 1219 3232 habuerunt
1240 3185 1273 3232 et
1294 3178 1360 3251 ipse
1378 3179 1432 3233 diu

138 3279 296 3346 haesitavi,
319 3287 422 3335 tamen
434 3277 581 3351 quoniam
598 3278 740 3351 componi
763 3277 841 3333 solet
863 3285 894 3333 et
909 3278 1074 3352 exaequari
1091 3279 1242 3335 cumvino
1257 3295 1433 3353 nomenque

139 3382 178 3437 ad
190 3380 317 3437 latinam
329 3387 359 3435 et
371 3378 660 3453 graecamlinguam
672 3386 882 3451 comparatum
892 3395 1073 3452 proxumam
1085 3378 1179 3436 habet
1190 3379 1358 3453 potionem,
1374 3381 1434 3437 iam

138 3499 198 3538 non
212 3481 320 3538 dubito
334 3481 406 3554 quin
421 3480 606 3555 liquidorum
622 3497 658 3536 ac
670 3479 899 3554 potulentorum
913 3497 1011 3555 genus
1027 3481 1187 3554 significet.
1210 3480 1270 3537 hoc
1284 3499 1433 3543 concesso

138 3580 299 3656 quaerisne
327 3582 448 3655 capedo
482 3580 606 3656 liquoris
630 3582 795 3655 adsumpta
818 3581 891 3637 dum
914 3581 1094 3639 sacrificium
1127 3581 1278 3650 adoletur,
1311 3584 1432 3639 medios

138 3684 264 3740 ardores
298 3671 445 3739 interfusa
476 3683 550 3756 quid
573 3678 662 3738 velit?
705 3683 844 3738 nimirum
876 3682 1074 3755 restinguitur
1105 3683 1193 3756 ignis,
1233 3691 1374 3757 operatu
1403 3678 1459 3741 et'

138 3792 263 3857 oepurus
288 3784 460 3858 composita
490 3792 562 3840 sunt
590 3803 627 3840 ex
653 3802 685 3840 oe
707 3801 788 3858 quae
810 3783 957 3857 particula
993 3785 1235 3842 imminutionem
1257 3794 1311 3843 aut
1332 3788 1431 3861 priva·

138 3884 253 3940 tionem
284 3883 409 3952 indicat,
442 3893 473 3941 et
500 3893 565 3957 pur
595 3885 674 3958 ignis
709 3884 831 3940 nomine
854 3883 976 3940 Vmbris
1000 3883 1152 3961 Oscisque
1183 3889 1337 3945 communi
1362 3906 1432 3945 cum

139 3983 274 4043 Graecis,
317 3986 420 4060 itaque
442 4003 535 4060 parvo
557 3986 714 4044 intervallo
736 3994 861 4059 vepurus
903 3987 942 4043 ab
969 3981 1104 4061 ἀπύροις
1128 3989 1232 4062 distat,
1269 4007 1338 4046 cum
1360 4007 1434 4047 con·

138 4087 261 4143 trarium
292 4086 331 4142 sit
367 4095 528 4161 utrumque
560 4083 721 4162 ἐμπύροις.
773 4087 857 4144 haud
889 4104 956 4144 raro
991 4100 1199 4147 memorantur
1221 4085 1329 4164 ἄπυρα
1350 4085 1431 4166 ἱερά,

138 4187 306 4262 Sophocles
328 4186 423 4260 Mysis
448 4183 573 4262 ἀπύρου
597 4190 711 4246 dixisse
735 4188 828 4246 fertur
850 4206 905 4263 pro
928 4184 1059 4266 ἀθύτου,
1083 4185 1208 4265 ἄπυρον
1231 4189 1357 4267 τροφὴν
1380 4211 1434 4250 νο·

138 4289 251 4346 cabant
272 4289 354 4346 nulla
377 4288 514 4347 focorum
536 4307 631 4364 opera
654 4298 772 4364 partam
795 4308 832 4346 ex
855 4291 953 4363 pomis
976 4300 1007 4348 et
1030 4291 1194 4366 holeribus,
1219 4287 1344 4368 ἄπυρον
1368 4289 1436 4370 ἄρι-

137 4401 217 4451 στον
240 4391 400 4466 prandium
425 4393 509 4465 quod
532 4410 594 4448 non
617 4392 744 4449 haberet
767 4401 856 4449 cocta
879 4393 1056 4468 adpositum
1089 4395 1120 4451 in
1143 4394 1252 4468 frigida
1276 4413 1368 4470 quarn
1392 4399 1440 4458 sic

137 4491 209 4549 item
233 4491 347 4549 Graeci
366 4492 513 4551 dicebant
535 4511 651 4551 mensa.
696 4494 773 4550 haec
796 4494 964 4568 respiciens
987 4504 1087 4569 oepur,
1110 4496 1181 4572 quia
1204 4503 1328 4570 etymon
1350 4501 1446 4572 cogit

138 4601 171 4650 ut
192 4594 405 4669 intellegamus
438 4594 509 4670 igne
531 4595 631 4651 minus
654 4593 779 4651 adfecta
804 4603 857 4653 aut
879 4614 918 4652 ex
941 4597 1088 4657 incendio
1111 4605 1217 4672 erepta
1239 4597 1285 4653 vel
1307 4594 1452 4670 refrige.

136 4702 211 4763 rata,
249 4695 370 4752 conicio
394 4711 464 4751 esse
487 4696 628 4770 demptas
659 4712 695 4751 ac
717 4695 838 4753 relictas
870 4714 908 4751 ex
940 4697 1090 4758 sacrificio
1113 4699 1286 4756 animalium
1316 4711 1471 4778 carnes,
