3742 5364
848 342 907 402 194

322 527 408 601 pirri
425 526 482 584 VH
497 528 555 586 Α5
576 544 630 602 pro
649 527 784 585 ablativo
806 527 883 603 sing.
897 544 1078 602 acceperam
1094 527 1136 585 sic
1152 536 1186 584 ut
1202 545 1263 584 erre
1281 528 1367 603 quod
1382 528 1532 604 sequitur,

230 646 337 686 vereor
359 638 464 686 autem
486 647 525 685 ne
552 629 770 686 recurrendum
793 630 832 686 sit
856 630 897 687 ad
917 638 993 686 nota
1015 647 1052 687 ac
1074 637 1189 687 testata
1213 629 1345 705 quid-id,
1368 648 1399 706 p.
1417 633 1490 691 192.
1596 654 1601 662 ·

328 749 405 806 ques
434 748 510 805 quos
532 729 593 805 pifi
625 749 718 790 masc.
741 731 788 787 vel
811 729 969 806 utriusque
991 729 1123 806 generis,
1156 730 1294 805 sequitur
1327 749 1403 788 erem
1436 731 1535 790 ebriata

229 829 345 907 (Latini
369 832 463 890 etiam
486 827 603 889 ‘omnia
625 848 838 907 processurum
862 825 963 908 esse'),
986 831 1024 890 cf.
1049 829 1086 909 es.

328 1003 347 1040 a
369 985 598 1060 pronominibus
623 985 770 1059 originem
793 985 852 1041 alia
874 1002 998 1060 quoque
1019 984 1112 1043 verba
1134 985 1296 1053 duxerunt,
1328 1002 1421 1042 unam
1445 1003 1532 1043 com·

229 1101 366 1141 memoro
389 1084 537 1142 orationis
561 1085 703 1160 copulam
726 1104 802 1141 enom
824 1104 896 1140 enno
921 1084 980 1140 eine
1002 1102 1078 1140 anem
1102 1093 1278 1142 concretam
1307 1103 1345 1142 ex
1368 1087 1535 1144 elementis

229 1185 469 1242 demonstrativo
493 1194 524 1241 et
547 1185 715 1260 temporali,
753 1185 989 1260 comparabilem
1012 1193 1063 1241 aut
1086 1185 1274 1242 consimilem
1295 1182 1355 1247 lat'.¹
1371 1187 1533 1262 particulis

229 1287 331 1344 einom
354 1287 436 1343 enim
460 1304 549 1356 nunc,
573 1305 666 1361 quam
688 1295 746 1344 vet.
770 1285 877 1343 Vmbri
899 1286 916 1342 k
939 1286 1089 1362 particula
1122 1295 1272 1360 augentes
1304 1288 1398 1346 etiam
1420 1288 1537 1363 figura·

229 1406 293 1447 rum
316 1388 496 1445 varietatem
519 1396 676 1456 auxerunt,
701 1387 814 1445 r‘numek
835 1396 891 1447 cet.

330 1623 482 1680 Themata
505 1622 665 1679 verborum
699 1624 793 1680 modo
826 1622 965 1680 breviora
996 1632 1067 1680 sunt
1102 1622 1184 1680 linita
1216 1641 1271 1698 per
1293 1632 1536 1701 consonantem,

221 1721 334 1801 ser-tu,
358 1726 452 1781 modo
474 1724 622 1799 ampliora
644 1725 836 1781 excurrentia
854 1725 885 1781 in
910 1724 1032 1781 vocales
1056 1744 1074 1780 a
1090 1725 1137 1794 ei,
1161 1730 1286 1781 nara-lu
1307 1726 1423 1786 scri-lm
1452 1725 1537 1784 haec

230 1844 299 1883 cum
322 1845 340 1883 a
362 1826 462 1883 latinis
485 1824 677 1883 multifariam
703 1825 865 1903 dissident,
890 1827 1014 1882 carri-m
1036 1827 1149 1895 calata,
1179 1834 1241 1884 tum
1262 1844 1302 1884 ne
1326 1826 1382 1884 sibi
1404 1827 1538 1903 quidem

228 1945 328 2002 usque
351 1944 473 2002 quaque
496 1935 650 1994 constant,
673 1926 778 1982 kadetu
800 1926 912 1995 tamin,
935 1933 1057 2002 mugalu
1080 1927 1186 2002 partic.
1210 1929 1324 1988 muielo.

329 2029 483 2104 quaedam
506 2028 598 2084 verba
620 2028 699 2085 inter
721 2029 892 2102 praecisum
907 2027 1010 2085 thema
1028 2037 1058 2084 et
1081 2028 1216 2104 amplum
1239 2029 1326 2105 quasi
1348 2029 1537 2088 fluctuantia

229 2148 284 2206 per
305 2130 544 2187 declinationem
568 2130 649 2186 varie
671 2128 852 2203 figurantur:
879 2131 1046 2203 purdzztom
1074 2131 1130 2186 sed
1155 2131 1319 2203 pardovilu
1351 2131 1441 2206 quasi
1465 2149 1537 2189 cre·

230 2233 325 2288 ditum
349 2231 498 2297 creduito,
521 2227 688 2305 sak-urent
708 2232 765 2288 sed
777 2219 868 2309 saltu
891 2232 980 2306 quasi
1003 2230 1135 2300 faciens,
1167 2232 1244 2288 deitu
1275 2249 1339 2290 non
1368 2232 1469 2289 oritur
1492 2251 1537 2291 ex

230 2334 310 2390 dz'ktu
333 2350 423 2408 quem
446 2332 502 2389 sibi
525 2332 629 2389 Vmbri
651 2350 767 2389 morem
792 2332 931 2389 fecerunt
954 2333 1177 2407 coniugationis
1193 2333 1251 2390 sed
1267 2352 1305 2390 ex
1331 2333 1412 2389 dicito
1435 2349 1536 2407 quem

229 2433 338 2492 Latini.
383 2432 442 2490 alia
462 2451 518 2508 pro
542 2433 678 2490 themate
704 2432 958 2507 significationem
979 2442 1110 2502 mutant,
1143 2433 1254 2491 her-ter
1274 2434 1385 2502 herti‘ei,
1407 2442 1442 2491 ut
1465 2432 1535 2493 He·

230 2535 342 2590 rodoto
365 2534 448 2590 aliud
470 2542 516 2590 est
538 2529 686 2593 δέδοκται
708 2535 791 2591 aliud
813 2529 992 2608 δεδόκηται.

329 2707 453 2763 verbum
476 2706 700 2764 substantivum
723 2707 913 2764 declinarunt
940 2706 1007 2763 Itali
1036 2707 1137 2763 mixtis
1160 2706 1304 2763 thematis
1327 2723 1355 2762 er
1377 2698 1476 2782 (sum)
1501 2715 1536 2765 et

220 2801 368 2883 sulfur).
1092 2874 1095 2879 λ

329 2924 475 2982 praesens
499 2908 623 2968 indicat.
647 2909 722 2984 sing.
746 2911 764 2968 3
789 2916 905 2967 estest.
950 2908 1023 2982 plur.
1048 2910 1066 2967 3
1088 2914 1151 2964 sent
1171 2917 1250 2966 sont.

330 3027 476 3084 praesens
489 3011 642 3069 coniunct.
656 3011 732 3085 sing.
745 3012 762 3068 2
775 3012 820 3066 sz'r
833 3011 864 3066 si
875 3011 919 3066 sei
931 3011 981 3079 sis,
996 3009 1071 3084 sing.
1082 3011 1099 3068 3
1112 3011 1142 3065 si
1152 3010 1198 3068 sit.
1215 3010 1316 3085 plur.3
1328 3009 1388 3065 sins
1400 3008 1443 3064 sis
1458 3009 1535 3069 sint.

329 3109 461 3166 futurum
484 3110 561 3185 sing.
586 3113 604 3170 3
618 3107 691 3187 sust
702 3109 761 3189 sus
782 3111 844 3169 erit.
888 3113 962 3186 plur.
988 3112 1005 3169 3
1018 3109 1131 3189 suren!
1151 3119 1247 3168 erunt.

329 3210 506 3284 imperativa
528 3212 604 3286 sing.
629 3214 646 3269 2
671 3213 689 3270 3
702 3211 779 3289 futu
802 3221 880 3280 est0,
903 3213 977 3287 plur.
1001 3214 1019 3270 2
1033 3209 1138 3289 fututa
1162 3221 1271 3269 estote.

329 3311 508 3369 infinitivum
531 3331 607 3369 erom
630 3320 688 3370 vet.
712 3332 764 3369 eru
786 3331 864 3374 esse.

331 3493 500 3541 ceterorum
514 3486 673 3542 verborum
684 3504 746 3543 non
762 3486 865 3542 omnia
880 3487 1065 3544 enumerabo
1085 3487 1232 3561 exempla,
1244 3484 1428 3561 perscribam
1445 3503 1534 3560 quae

231 3586 409 3642 acciderunt
431 3585 547 3660 figurae
568 3604 623 3662 per
643 3605 742 3662 genus
764 3588 890 3644 modum
913 3597 1043 3662 tempus

807 3756 947 3816 activum.

230 3858 423 3914 indicativus

412 3976 558 4034 praesens
581 3958 657 4033 sing.
682 3962 697 4017 1
721 3964 795 4015 sestu
818 3959 903 4018 sisto.
939 3957 1043 4014 suboco
1067 3975 1103 4013 ex
1126 3957 1271 4032 ampliore
1294 3955 1432 4014 themate
1456 3976 1537 4017 con·

722 4068 851 4117 tractum
872 4068 905 4116 ut
928 4077 1006 4120 am0.

579 4163 655 4236 sing.
680 4164 698 4219 2
721 4167 788 4217 seste
811 4161 901 4221 sistis,
925 4161 1017 4236 paulo
1034 4159 1178 4217 incertius
1198 4159 1275 4216 heris
1289 4159 1361 4228 heri,
1377 4159 1531 4235 quianon

722 4272 769 4320 est
781 4263 840 4320 nisi
847 4263 1023 4320 adverbium
1030 4261 1076 4318 vel
1087 4270 1337 4337 permutaturque
1345 4278 1415 4318 cum
1425 4260 1534 4324 lrerier'.

580 4365 655 4439 sing.
681 4367 699 4424 3
721 4351 889 4432 tt'litdeeet‚
902 4362 1005 4419 trebeit
1013 4373 1047 4420 ut
1059 4363 1147 4420 floret
1156 4362 1254 4436 saepit
1265 4362 1337 4419 olim
1348 4363 1534 4437 spondiaca‚

720 4464 793 4522 habe
810 4466 913 4533 habet,
935 4464 1001 4520 heri
1020 4465 1090 4524 volt.
1105 4464 1257 4522 abscisum
1267 4463 1370 4537 prater
1381 4464 1533 4538 quilubet

579 4569 653 4642 plur.
678 4570 696 4626 3
709 4566 845 4645 sursunt
871 4576 930 4627 vet.
949 4566 1076 4646 surse&
1103 4584 1159 4641 per
1181 4566 1279 4639 theta,
1312 4566 1343 4622 id
1366 4567 1454 4640 quod
1476 4568 1535 4626 ad·

721 4679 830 4729 notare
849 4670 972 4744 neglexi
993 4670 1006 4726 I
1024 4670 1048 4726 B
1067 4672 1094 4737 1,
1118 4677 1152 4725 ut
1174 4675 1287 4727 amant.
