3742 5364
715 358 754 416 35
1142 354 1145 358 ’
1283 356 1381 418 VA20

79 546 115 598 et
138 525 205 618 ape
229 542 335 602 subra
357 538 460 620 spafu
481 537 701 620 fust,lmune-
716 560 738 597 11
755 553 787 599 et
823 542 874 599 ubi
905 543 1111 617 superiectum
1144 545 1209 610 erit,
1230 540 1235 621 Ι
1253 562 1381 601 munus·

75 639 139 701 klu
161 640 267 702 habia
297 661 419 703 numer
449 639 570 721 tripler
597 638 704 721 pustil
755 645 855 701 culum
918 643 1031 701 habeat
1092 644 1220 701 nummis
1287 645 1380 702 ternis

76 741 257 804 kastruvu.
290 751 325 804 et
348 760 414 821 ape
437 740 545 802 frater
569 735 702 804 sersna·
754 745 784 800 in
807 736 811 820 Ι
832 745 955 802 iundos.
1021 754 1052 802 et
1079 746 1131 802 ubi
1164 744 1272 802 iratres
1306 763 1380 820 epu·

76 850 135 902 tur
167 840 292 916 iurent,
313 840 317 922 Ι
338 840 501 904 ehvelklu
534 838 602 912 feia
634 839 702 901 fra·
754 845 807 901 lati
839 854 936 913 erunt,
961 845 966 915 Ι
992 846 1152 902 decretum
1189 844 1283 903 saciat
1316 864 1380 903 ma·

77 1057 184 1107 tamen
206 1048 407 1105 declinationi
429 1040 659 1103 attribuendum
682 1046 712 1103 in
736 1046 794 1103 hoc
818 1048 944 1103 decreto
967 1046 995 1102 V
1018 1048 1041 1104 B
1066 1050 1083 1106 6
1106 1047 1193 1122 lierifi
1212 1047 1285 1106 ideo
1308 1066 1379 1106 cen-

76 1168 143 1226 sen,
178 1151 262 1223 quod
300 1149 499 1223 praeteritum
522 1148 574 1221 qui
606 1147 846 1221 interpretantur
879 1148 961 1204 velut
987 1150 1116 1223 placuit,
1151 1150 1378 1224 neglegentiam

78 1261 252 1325 temporum
275 1250 400 1308 nimiam
424 1258 454 1306 et
477 1267 557 1324 quae
579 1250 611 1305 in
633 1249 701 1324 lege
724 1249 816 1306 fidem
840 1252 973 1306 excedat
994 1251 1131 1307 umbrico
1156 1250 1289 1306 sermoni
1310 1268 1379 1325 per·

77 1353 216 1408 mittunt:
251 1371 322 1408 nam
358 1369 426 1408 cum
458 1352 498 1408 de
533 1350 634 1407 futura
663 1351 757 1406 multa
791 1351 1006 1425 praecipiatur,
1040 1352 1230 1425 postulamus
1254 1353 1378 1409 omnino

69 1455 225 1527 placuerit
245 1463 298 1510 aut
313 1452 452 1527 placebit.
496 1454 603 1528 itaque
624 1453 705 1508 inter
727 1453 851 1509 nomina
874 1453 1019 1526 equidem
1042 1452 1088 1508 vel
1113 1453 1260 1510 adverbia
1283 1471 1301 1509 a
1324 1471 1379 1509 no·

76 1556 208 1612 minibus
225 1563 332 1622 tracta,
356 1555 458 1629 qualia
481 1563 553 1611 sunt
575 1555 684 1610 sortito
697 1554 836 1610 certatim
852 1554 901 1618 al„
923 1552 1010 1626 herzfi
1029 1554 1180 1614 numerari
1193 1555 1271 1623 νοΙο,
1295 1555 1379 1629 quod

78 1666 180 1713 ortum
196 1657 234 1714 ab
256 1657 334 1713 heri·
358 1656 523 1713 voluntatis
540 1655 690 1712 vocabulo
715 1656 863 1712 tantidem
887 1656 925 1711 sit
941 1654 1029 1728 quasi
1052 1655 1177 1711 libidine
1199 1657 1244 1713 vel
1267 1664 1301 1711 ut
1322 1656 1380 1712 erit

77 1759 204 1817 libitum.
249 1759 308 1814 iam
342 1759 431 1814 ritum
465 1757 599 1813 eumad
636 1774 727 1830 quem
749 1755 837 1833 spasu
871 1764 1002 1830 spectat,
1034 1755 1222 1830 antiquiores
1254 1755 1378 1812 tabulae

75 1860 208 1939 omisere
231 1846 283 1916 aut
305 1859 415 1916 saltem
437 1875 500 1914 non
521 1857 668 1913 distincta
697 1875 772 1914 voce
793 1865 949 1924 notarunt,
984 1873 1083 1913 novae
1107 1864 1137 1912 et
1158 1857 1188 1911 in
1211 1857 1323 1913 montis
1345 1865 1378 1912 et

75 1963 108 2017 in
129 1960 233 2035 populi
256 1961 435 2016 lustratione
456 1967 734 2016 commemorarunt
773 1958 819 2014 bis
849 1967 902 2015 aut
925 1967 979 2017 ter.
1023 1957 1118 2014 semel
1142 1958 1223 2014 enim
1246 1958 1378 2015 activum

75 2062 205 2136 legimus
233 2062 357 2135 spoliata
379 2059 422 2116 VI
444 2060 468 2117 B
493 2063 531 2118 41
561 2060 613 2116 ubi
635 2059 759 2116 Tefrale
798 2060 950 2134 piaculum
981 2068 1219 2126 consummatur,
1253 2060 1299 2116 bis
1323 2061 1376 2118 de·
1425 2131 1429 2137 ι

76 2181 196 2237 ponens
219 2162 339 2236 palme
366 2171 397 2218 et
422 2162 562 2235 spahamu
586 2163 671 2235 quod
694 2161 735 2216 ad
759 2161 918 2236 decretum
940 2158 1000 2216 hoc
1023 2161 1153 2215 maxime
1176 2160 1307 2219 attinere
1330 2180 1377 2219 ar-

76 2262 247 2329 bitror„Vl
272 2263 295 2318 B
321 2266 358 2321 17
383 2271 415 2319 et
435 2261 493 2317 VII
515 2262 541 2318 A
566 2265 604 2321 39
637 2263 747 2336 quibus
781 2261 855 2317 locis
890 2279 1009 2317 sacrum
1044 2262 1086 2318 ita
1109 2262 1232 2319 Fisovio
1264 2263 1378 2336 pariter

76 2365 239 2439 utrobique
253 2363 419 2422 conficitur.
464 2382 587 2438 semper
607 2363 805 2439 praeponitur
825 2361 927 2428 rubra,
953 2381 1072 2438 semper
1087 2364 1244 2438 praecedit
1260 2365 1377 2421 aesiz'cia

77 2467 182 2523 oblata
204 2466 327 2522 Fisovio
350 2464 484 2521 Tefrove
509 2473 540 2528 et
562 2465 660 2521 effusa
691 2463 782 2532 infra;
816 2464 888 2519 dum
922 2481 1014 2537 supra
1036 2465 1146 2539 spahat
1169 2484 1242 2522 vasa
1266 2466 1376 2540 quibus

75 2567 170 2622 modo
194 2584 266 2623 usus
290 2575 355 2622 erat
379 2568 536 2634 sacerdos,
569 2567 635 2641 ipse
659 2567 749 2622 sedet
776 2566 936 2639 pergitque
964 2565 1073 2621 sedere
1099 2584 1197 2641 usque
1221 2568 1263 2623 ad
1284 2568 1376 2625 finem

75 2666 377 2736 sacrificii'Tefralis,
410 2668 475 2743 ipse
498 2676 665 2742 postquam
688 2684 778 2741 supra
801 2666 928 2741 spahtus
952 2666 998 2721 vel
1023 2683 1147 2741 spassus
1171 2675 1219 2724 est
1242 2668 1376 2736 Fisovi0‚

74 2787 158 2826 nunc
191 2770 315 2825 adsidet
346 2769 387 2824 ad
412 2769 660 2825 commolendum
694 2768 977 2842 perficiendumque
1010 2785 1139 2835 sacrum,
1174 2786 1256 2824 nunc
1287 2787 1376 2843 porro

77 2871 177 2945 pergit
198 2871 230 2925 in
252 2869 353 2926 locum
376 2870 476 2937 alium,
502 2870 553 2926 ubi
575 2887 644 2926 cum
667 2877 738 2925 exta
755 2870 828 2925 data
845 2877 935 2924 erunt
956 2868 1026 2925 illuc
1047 2871 1161 2926 redibit
1176 2873 1218 2927 ad
1240 2888 1377 2928 commo·

77 2971 211 3028 lendum.
255 2950 465 3045 significantur
497 2988 570 3045 ergo
604 2988 656 3026 vas
690 2988 783 3044 super
815 2970 929 3026 iactum
951 2969 1125 3044 flamenque
1159 2989 1376 3046 supergressus

77 3091 139 3146 quo
161 3090 209 3128 res
229 3090 316 3128 sacra
336 3072 477 3130 adoletur
498 3073 611 3148 ignem,
639 3089 697 3128 nec
720 3072 846 3128 dubium
870 3079 918 3128 est
938 3071 1011 3144 quin
1033 3072 1144 3129 eadem
1173 3075 1276 3131 radice
1300 3083 1375 3131 nata

77 3175 138 3231 sint
155 3174 248 3230 latina
262 3175 384 3246 pretium
407 3182 438 3230 et
458 3174 601 3247 spoliari:
623 3174 742 3230 Romae
765 3174 796 3228 in
818 3172 910 3228 sacris
933 3176 1073 3229 matrona
1093 3174 1235 3246 spatietur
1250 3175 1292 3229 ad
1304 3193 1376 3230 aras

76 3275 257 3331 circumiens
274 3292 344 3331 cum
356 3276 493 3348 quodam
507 3283 607 3348 gestu,
625 3274 711 3349 quasi
727 3274 885 3330 staticulos
902 3275 989 3342 (11113,
1013 3275 1097 3346 apud
1110 3271 1276 3347 Vergilium
1292 3273 1374 3330 Dido

76 3384 149 3432 ante
165 3394 218 3433 ora
230 3379 321 3434 deum
343 3374 478 3449 (Servius
490 3375 567 3433 Aen.
578 3375 622 3430 IV
638 3371 701 3450 62),
724 3373 822 3431 Pallas
845 3376 911 3448 ipsa
935 3376 1019 3449 apud
1031 3373 1233 3448 Propertium.
1257 3375 1299 3430 de
1319 3375 1376 3432 ritu

76 3477 136 3533 hoc
157 3478 339 3552 expiationis
362 3476 568 3534 vetustissimo
602 3493 790 3533 memorasse
814 3476 887 3532 satis
917 3484 964 3532 est
993 3475 1113 3532 fumosa
1136 3474 1245 3532 Parilia
1268 3477 1374 3551 quibus

76 3579 164 3651 ignes
199 3579 388 3635 transiliendi
416 3595 482 3634 mos
506 3579 627 3635 Romae
650 3577 820 3634 diutissime
853 3577 1022 3651 permansit
1044 3575 1243 3651 funerumque
1266 3596 1376 3653 purga-

76 3679 177 3734 tiones
200 3696 218 3734 a
240 3677 335 3736 Paulo
359 3680 443 3736 Festi
476 3680 588 3736 relatas
622 3680 653 3736 in
676 3697 756 3754 equa
779 3686 806 3734 et
826 3680 904 3753 igni:
929 3679 1031 3757 surius
1056 3679 1205 3753 prosecuti
1229 3681 1377 3735 redeuntes

75 3781 171 3854 z'gnem
200 3781 503 3855 supergrediebanlur
530 3801 608 3855 aqua
632 3781 750 3854 aspersi.
796 3782 855 3838 tale
881 3781 1058 3838 sacrificium
1086 3780 1174 3838 facile
1195 3781 1376 3856 perspicitur
1441 3846 1442 3851 Ι

74 3900 140 3937 non
160 3882 340 3955 quibuslibet
362 3883 443 3939 feriis
466 3900 534 3940 esse
568 3884 746 3951 institutum,
781 3885 838 3940 sed
859 3882 992 3938 maxime
1014 3882 1162 3956 religiosis
1193 3891 1225 3940 et
1248 3884 1375 3940 deorum

74 3991 234 4051 certorum,
265 3983 372 4062 zirferr's
391 3984 587 4059 sacrificantes
609 3987 693 4041 eliam
718 4004 789 4041 aare
822 3985 851 4039 z'n
887 3985 982 4058 ignem
1009 3983 1159 4040 mittebant
1190 3984 1310 4042 Servius
1333 3987 1374 4042 ad

75 4084 153 4140 Aen.
167 4083 293 4143 11115.
337 4085 416 4142 hanc
437 4086 526 4160 igitur
538 4103 664 4160 operam
688 4086 794 4143 fratres
818 4086 955 4159 praemio
978 4093 1208 4143 remunerantur
1230 4086 1373 4143 maximo.

176 4203 263 4242 versu
285 4187 324 4243 22
346 4175 499 4242 iersnatur
519 4206 537 4243 a
556 4174 669 4246 iersna.
701 4187 802 4245 Latini
823 4188 964 4244 caninam
986 4188 1118 4243 litteram
1143 4195 1375 4263 suppresserunt
1408 4201 1411 4206 ’

74 4288 106 4345 in
129 4277 211 4342 cerne
234 4305 313 4353 cena,
336 4288 487 4344 dominari
510 4288 624 4345 sierunt
646 4289 677 4345 in
700 4289 860 4356 silicernio,
884 4289 968 4363 quod
991 4289 1082 4346 sacris
1107 4287 1296 4345 coniunctius
1308 4296 1375 4345 erat

74 4391 208 4456 verbum,
230 4389 261 4445 in
284 4407 322 4446 eo
345 4389 558 4446 retinentiores
581 4390 663 4447 vocis
687 4390 797 4448 avitae.
856 4438 858 4441 ,

174 4508 262 4546 versu
285 4492 323 4549 23
347 4492 515 4548 sententias
538 4490 661 4548 fratrum
683 4500 771 4566 rogat
794 4492 844 4566 qui
865 4502 989 4567 praeest
1011 4491 1140 4568 collegio
1171 4491 1307 4548 fratricus
1332 4494 1377 4552 sic

75 4591 174 4649 dictus
186 4601 219 4648 ut
240 4610 259 4648 a
276 4592 346 4649 villa
358 4592 469 4659 vilicus
493 4600 545 4649 aut
557 4598 710 4666 quaestor.
746 4594 887 4668 exempla
909 4611 926 4649 e
948 4610 1149 4656 romanorum
1159 4591 1380 4654 constitutione

74 4693 270 4767 collegiorum
303 4693 377 4750 satis
411 4693 506 4750 multa
538 4699 668 4768 possunt
700 4695 803 4756 subici.
846 4713 902 4770 pro
936 4693 1123 4760 funeraticio
1145 4691 1270 4768 collegio
1294 4697 1385 4770 quod
