3742 5364
701 328 766 387 189'

184 514 248 569 dat.
265 512 340 585 sing.
367 510 454 590 Tesre
479 510 566 590 Tesrr'
589 508 698 586 Tesrer'.
730 510 889 567 nominum
904 510 935 565 in
948 510 976 565 z'o
999 519 1063 567 tam
1079 509 1185 566 solutis
1202 528 1293 586 quam
1311 529 1384 567 con·

85 615 189 670 tractis
212 613 334 688 syllabis
358 609 464 669 Sansr'e
486 609 592 669 Sansir'
611 609 702 669 Sansz‘
721 599 804 678 Sale,
829 610 910 666 thr'e
926 610 995 666 Fr'sr'
1008 610 1099 670 bisai.
1138 611 1195 669 loc.
1208 611 1285 685 sing.
1302 616 1385 667 teslre

83 733 97 770 e
120 732 170 770 uae
191 732 251 771 rec.
277 715 368 770 desire
391 732 466 782 cnse,
492 713 602 770 Frisim
626 713 711 772 tutte.

182 816 242 876 abl.
259 816 336 889 sing.
353 815 488 889 palacia,
510 815 641 872 fortasse
664 815 759 872 semel
775 815 896 888 pr'baclo
908 814 945 874 cf.
960 834 990 889 p.
1002 816 1051 881 60,
1075 813 1295 870 adiectivorum
1309 830 1385 868 soem

84 936 151 984 suo,
173 935 251 974 sorno
274 934 405 982 summo,
421 916 560 990 postertr‘o
582 916 639 973 sed
662 916 693 972 in
715 914 822 972 solutis
846 915 940 975 tertz'rr.
981 915 1012 971 in
1028 913 1148 988 Cuprae
1170 913 1274 970 matris
1297 913 1383 969 titulo

84 1023 236 1074 maronam
258 1026 291 1074 ut
312 1017 492 1092 magistratu
514 1025 546 1073 et
569 1016 759 1090 magistram.

185 1119 330 1175 adverbia
351 1118 429 1174 reite
444 1125 536 1191 preve
555 1118 662 1173 sarsz'le
683 1117 799 1174 nuvime
821 1116 941 1173 nesr'mei
965 1115 1118 1173 declinata
1141 1123 1213 1172 sunt
1238 1124 1272 1172 ut
1298 1122 1382 1172 recte

82 1220 229 1295 adprime.

182 1339 263 1379 nom.
280 1323 354 1396 plur.
370 1331 428 1381 vet.
446 1322 625 1395 prriruvatus
641 1321 819 1394 presumat,
852 1339 912 1380 rec.
936 1321 1100 1395 przitvalur
1119 1318 1250 1385 sabaim,
1274 1323 1383 1386 tacetur

80 1422 232 1491 screz'lrlor,
256 1423 413 1490 Anartium
439 1424 495 1479 dur
518 1423 590 1482 duo.

182 1543 246 1582 acc.
263 1524 339 1600 plur.
363 1524 457 1581 semel
482 1522 600 1591 abram,
626 1533 686 1581 vet.
712 1522 813 1602 aprus
828 1541 886 1582 rec.
913 1519 1013 1599 abms,
1036 1522 1076 1579 illi
1098 1521 1192 1579 etiam
1213 1520 1317 1594 vz'llup‚
1351 1519 1381 1576 hi

82 1627 164 1681 ver'ro
193 1625 339 1682 Treblono
362 1626 419 1682 secl
435 1625 557 1699 saepius
582 1645 610 1690 u,
634 1631 701 1680 loru
725 1624 848 1692 avz'eclm
865 1623 947 1698 filiu.
972 1623 1076 1682 1341
1102 1622 1156 1699 lus
1169 1623 1246 1679 duas
1266 1640 1380 1697 genere

84 1725 256 1800 promiscuo
280 1734 314 1782 ut
336 1722 380 1784 τὼ
403 1724 499 1800 χεῖρε,
523 1725 679 1782 triresmos
702 1725 818 1790 naveis,
841 1725 872 1781 in
891 1724 1004 1798 volgari
1028 1724 1178 1781 latinitate
1194 1741 1255 1780 non
1270 1741 1379 1798 pauca.

182 1820 251 1900 gon.
267 1828 343 1902 plur.
367 1836 452 1884 caret
474 1846 500 1883 m
524 1826 619 1883 finali:
645 1827 775 1883 Alzi'edr‘u
800 1827 934 1884 Atr'ersio.

183 1929 246 1986 dat.
262 1927 320 1987 abl.
336 1928 410 2003 plur.
434 1936 491 1988 vet.
515 1927 622 1984 veskles
642 1933 738 1984 snales
760 1935 792 1984 et
813 1933 905 1999 snale,
928 1927 1086 1988 ez'kvasalz's.
1120 1945 1178 1985 rec.
1196 1927 1276 2004 alser
1299 1925 1379 2000 alfir,

81 2030 179 2086 vereir
199 2031 280 2086 verz'r
302 2031 421 2097 werrico,
445 2031 525 2086 dur'r.
549 2049 633 2087 arves
655 2030 737 2087 arvis
759 2048 821 2087 acc.
837 2029 913 2104 plur.
938 2029 1022 2086 araia
1045 2028 1084 2088 cf.
1101 2028 1166 2085 liliis
1189 2027 1256 2095 filis,
1282 2028 1379 2083 Alr'er·

80 2133 141 2187 sier
165 2132 300 2198 Alz'ersr'r,
323 2131 386 2188 VB
406 2134 445 2191 10
473 2129 616 2189 Claverni
635 2133 761 2207 dempta
785 2129 1008 2188 terminatione.

605 2332 763 2391 nominum
783 2333 814 2390 in
835 2329 859 2394 Ε

80 2477 182 2534 pauca
205 2466 372 2535 suppetunt
392 2460 546 2534 exempla:

181 2560 244 2618 dat.
262 2559 337 2634 sing.
362 2559 521 2627 kvestretr'e,
545 2560 617 2626 auti,
641 2561 673 2617 ri
690 2561 742 2620 rei.

181 2661 239 2719 abl.
257 2663 333 2737 sing.
358 2661 489 2729 uhtrelie,
512 2662 546 2717 ri
565 2672 596 2720 et
618 2672 726 2736 re-per.
774 2663 897 2719 accedit
918 2662 1049 2720 fortasse
1071 2664 1174 2719 scalsie
1194 2647 1327 2719 skallela.

180 2781 244 2822 acc.
259 2763 333 2837 plur.
356 2764 429 2819 zove'e
451 2762 609 2842 omissas,
633 2782 748 2821 nomen
772 2772 821 2820 est
836 2764 1038 2821 masculinum
1054 2764 1186 2821 dilectae
1201 2765 1376 2822 iuventutis.

182 2864 245 2921 dat.
260 2863 334 2938 plur.
356 2865 449 2925 r'ovz'es.

608 3038 765 3097 nominum
787 3039 818 3096 in
842 3036 848 3099 l

470 3164 547 3239 sing.
1006 3169 1082 3242 plur.

281 3283 363 3323 nom.
385 3284 467 3322 sacer
879 3288 976 3325 sacres
997 3289 1097 3326 sacrer

278 3383 342 3424 acc.
382 3367 488 3424 sacrim
508 3387 618 3425 sacrem
640 3387 725 3426 sacre
878 3369 982 3447 sacris
996 3371 1101 3449 sacrff
1114 3391 1197 3428 sacre

277 3483 346 3539 gon.
383 3486 478 3524 sacres
499 3488 599 3526 sacrer
619 3472 719 3527 sacrir
878 3473 976 3528 sacrz'o

277 3568 340 3625 dat.
381 3587 465 3625 sacre
876 3573 969 3630 sacris
989 3593 1085 3630 sacres
1121 3611 1123 3615 π

277 3669 336 3730 abl.
381 3671 464 3726 sacri
481 3690 564 3728 sacre

177 3829 286 3876 neutra
307 3840 388 3882 nom.
406 3841 469 3881 acc.
487 3824 564 3900 sing.
587 3827 673 3883 sokre
696 3825 777 3903 desua
798 3828 921 3908 versale,
946 3831 1076 3905 depulsa
1091 3833 1188 3890 vocali
1206 3833 1375 3891 selrmem'ar.

76 3936 158 3974 nom.
176 3937 238 3979 ace.
254 3920 327 3994 plur.
352 3923 423 3979 lrr‘r'a
448 3925 589 3999 lrr'z'u-per
612 3928 643 3985 id
663 3939 712 3986 est
734 3931 852 4004 lrioper‚
874 3931 991 3999 salrreu,
1008 3933 1170 4006 perakneu,
1193 3933 1296 4007 itaque
1305 3942 1375 4007 per·

77 4022 157 4077 acrio
177 4021 324 4083 VIIA51
349 4025 446 4099 figura
472 4027 599 4100 quidem
626 4031 766 4088 vocabuli
793 4050 856 4088 non
885 4033 989 4090 obstat
1017 4052 1078 4109 quo
1109 4035 1207 4093 minus
1230 4052 1286 4110 pro
1310 4052 1374 4095 acc.

77 4121 151 4195 plur.
166 4134 264 4184 neutr.
286 4125 443 4186 habeatur.

176 4233 209 4281 ut
231 4225 375 4284 cohortes
400 4229 574 4288 auxiliariae
604 4241 635 4288 et
662 4233 841 4303 auxiliares,
865 4235 908 4291 lta
931 4236 1006 4308 sing.
1024 4255 1118 4296 masc.
1135 4242 1254 4312 pedaem
1276 4250 1375 4299 neutr.

68 4327 170 4397 pedae,
194 4326 269 4401 plur.
292 4327 363 4387 iem.
380 4331 490 4403 pericia
507 4341 643 4405 persora.
667 4334 741 4391 item
752 4344 823 4410 post
839 4353 910 4394 sues
930 4336 1000 4396 fem.
1014 4338 1056 4396 VI
1069 4340 1094 4397 A
1106 4341 1146 4399 58
1162 4359 1255 4400 masc.
1269 4342 1374 4403 VlB3

76 4424 184 4498 legitur
199 4435 314 4501 persae,
342 4439 446 4504 potest
469 4440 574 4490 tamen
595 4435 737 4493 absoluta
760 4437 792 4494 id
815 4439 912 4514 accipi
936 4441 1023 4513 quasi
1046 4458 1166 4499 sacrum
1188 4442 1227 4500 sit
1250 4443 1377 4504 dictum.

175 4529 206 4586 in
228 4549 310 4589 nom.
325 4532 400 4607 sing.
425 4534 553 4592 abicitur
577 4537 602 4594 i:
632 4536 742 4596 Casr'los
764 4540 826 4599 dat.
845 4539 982 4608 Casr'lale,
997 4544 1074 4626 sons
1095 4541 1380 4620 nom.plur.soner,

67 4636 161 4701 pacer
182 4650 250 4688 ocor
272 4632 360 4693 ocris
