3742 5364
228 342 325 399 1132ss
844 340 903 397 148

228 542 321 604 pune
343 528 446 593 sestis,
470 518 473 599 l
493 518 606 581 urfeta
622 537 770 579 manuve
791 518 849 579 ha·
901 522 988 595 patri.
1027 539 1096 578 cum
1113 521 1204 586 sistis,
1218 513 1363 596 {orbitam
1386 521 1417 576 in
1434 537 1530 577 manu

228 623 323 683 betu.
372 633 448 684 estu
470 618 552 681 iuku
575 620 718 681 habetu:
749 615 752 699 l
784 617 850 678 ‘Iu-
902 621 1026 677 habeto.
1072 622 1162 678 istam
1184 619 1356 678 orationem
1378 615 1532 699 habetet}

228 731 330 802 pater
353 714 452 797 Sabe,
487 719 558 783 tefe
582 727 659 782 estu
680 717 766 780 vitlu
789 738 848 779 vu·
902 716 1051 796 ‘luppiter
1073 721 1179 790 Sanci,
1208 721 1263 778 tibi
1286 722 1377 779 istum
1400 721 1531 780 vitulum

229 820 283 883 fru
300 820 413 884 sestu'.
429 819 612 903 [purtifele
625 819 770 899 triiuper
785 817 845 880 tei·
861 840 885 876 as
902 822 1034 879 votivum
1056 817 1155 879 sisto’.
1174 819 1403 897 lporricibilem
1419 831 1468 880 ter
1483 823 1531 881 di·

230 931 276 995 tu,
300 921 445 1003 triiuper
467 920 569 983 vufru
597 928 731 992 narratu,
749 916 753 1000 l
774 917 847 981 fetu
901 925 972 991 cito,
1008 932 1055 980 ter
1076 924 1212 980 votivum
1235 931 1368 992 narrato,
1398 916 1403 1000 Ι
1432 922 1531 981 facito

228 1022 414 1102 Iuvepatre
430 1019 617 1102 Vusiiaper
638 1020 757 1082 natine
779 1017 846 1080 fra·
901 1024 966 1080 Iovi
998 1024 1078 1098 patri
1106 1040 1162 1098 pro
1185 1022 1283 1080 Vocia
1313 1024 1441 1081 natione
1470 1024 1532 1083 fra·

229 1133 284 1186 tru
297 1121 458 1186 Atiiediu.
478 1119 481 1203 l
497 1142 589 1204 pune
604 1141 766 1202 anpenes,
782 1119 850 1181 kri·
903 1134 981 1181 trum
993 1120 1168 1201 Atiedium.l
1180 1142 1248 1182 cum
1260 1126 1433 1201 impendes,
1444 1126 1532 1185 clnc-

228 1223 331 1285 katru
354 1233 463 1286 testre
487 1243 505 1285 e
527 1242 591 1284 uze
609 1222 749 1284 habetu.
784 1239 850 1300 ape
903 1235 967 1282 tum
990 1228 1021 1282 in
1045 1229 1154 1285 dextro
1177 1243 1281 1284 umero
1302 1226 1428 1284 habeto.
1477 1226 1533 1283 ubi

231 1321 385 1405 apellus,
408 1322 500 1386 mese
523 1330 651 1384 atentu.
687 1339 753 1401 ape
771 1340 850 1401 pur·
903 1320 1123 1403 impendieris,
1145 1327 1246 1384 melae
1269 1327 1430 1402 imponito.
1478 1326 1533 1384 ubi

229 1424 351 1498 tuvieS,
375 1434 519 1488 testree
539 1443 603 1484 uze
623 1422 753 1484 habetu
768 1419 850 1502 lkri-
864 1445 889 1484 oo
903 1429 1057 1502 perficies,
1082 1430 1111 1485 in
1136 1429 1245 1485 dextro
1261 1446 1367 1486 umero
1390 1426 1511 1486 habeto
1529 1421 1534 1503 Ι

229 1524 341 1587 katru.
386 1523 484 1586 arvirr
506 1532 637 1599 ustetu,
664 1521 746 1603 puni
768 1519 850 1586 fetu.
903 1528 1043 1588 cinctum.
1057 1529 1140 1587 arvia
1151 1528 1309 1597 adhibete,
1317 1526 1532 1603 poscalacito.

230 1732 288 1787 tuit
311 1732 354 1786 uti
376 1730 540 1803 praesenti.
584 1725 683 1804 urfenr
708 1727 808 1785 Latini
833 1737 989 1785 mutarunt
1011 1729 1041 1784 in
1063 1728 1193 1797 orbr'lam,
1214 1739 1379 1788 tenuerunt
1396 1730 1534 1790 Orfitum

231 1830 412 1889 Orfitianum
436 1832 560 1888 nomina
584 1848 663 1905 quae
687 1831 730 1889 ita
752 1831 924 1887 scribuntur
947 1830 976 1886 in
1008 1831 1102 1887 titulis
1126 1831 1279 1889 veteribus
1307 1840 1431 1889 etcum
1454 1849 1534 1890 cura

231 1933 329 2000 sactis,
352 1950 453 2005 neque
477 1931 640 2006 Orphitum
662 1950 754 2006 quam
777 1930 904 1988 sormam
927 1931 1013 1988 haud
1035 1932 1154 2005 pridem
1177 1933 1263 1989 multi
1285 1934 1454 2009 probarunt
1479 1950 1533 1991 me

230 2034 332 2108 legere
355 2032 478 2089 memini
500 2033 646 2106 scriptum
665 2040 737 2088 ante
754 2033 927 2088 Antoninos
949 2032 1007 2087 nisi
1031 2032 1070 2087 ab
1095 2031 1218 2088 homine
1234 2051 1357 2107 graeco
1395 2034 1534 2092 orbitam

230 2134 478 2192 Pseudasconius
501 2134 532 2190 in
555 2132 689 2189 Verrinis
713 2132 769 2190 lll
797 2129 817 2207 ἓ
836 2135 895 2191 154
918 2141 949 2188 et
972 2133 1070 2206 ipsam
1098 2142 1197 2189 rotam
1225 2151 1295 2191 esse
1317 2134 1361 2192 ait
1382 2143 1416 2191 et
1438 2136 1535 2193 vesti·

229 2236 312 2309 giam
335 2243 422 2290 rotae
445 2236 626 2309 Impressum
650 2233 730 2290 molli
755 2234 837 2301 solO,
865 2234 914 2290 bic
936 2251 1066 2290 necesse
1092 2242 1141 2291 est
1167 2235 1275 2291 orbem
1297 2235 1328 2292 in
1348 2243 1435 2292 rotae
1458 2253 1535 2310 spe·

230 2336 307 2393 ciem
330 2335 491 2409 figuratum
512 2334 657 2409 intellegi.
695 2333 814 2390 Romae
837 2353 875 2389 ex
899 2334 986 2390 bonis
1001 2333 1129 2390 Vitruvii
1144 2335 1287 2391 Fundani
1306 2337 1358 2410 qui
1374 2334 1534 2393 deiectio·

230 2436 276 2492 nis
298 2452 414 2510 poenas
437 2435 525 2492 dedit
547 2444 640 2509 atque
664 2452 702 2490 ex
721 2452 792 2490 aere
817 2434 887 2491 hinc
911 2436 1039 2491 redacto
1062 2434 1162 2492 factos
1185 2453 1255 2492 esse
1272 2436 1363 2494 orbes
1387 2435 1532 2495 aheneos

230 2547 490 2610 consecratosque
505 2537 536 2592 in
551 2537 631 2593 aede
646 2535 763 2592 Sancus
776 2535 878 2592 Livius
891 2535 965 2592 VIII
978 2537 1018 2594 20
1029 2535 1171 2602 narravit,
1193 2537 1305 2593 Festus
1319 2534 1534 2595 Summanalia

230 2638 290 2694 liba
312 2655 382 2694 esse
405 2637 558 2695 farinacea
581 2637 612 2694 in
635 2638 762 2694 modurn
787 2645 873 2694 rotae
894 2636 973 2693 ficta.
1013 2638 1092 2694 sicut
1111 2638 1244 2694 mantele
1267 2638 1444 2713 bipartitum
1466 2658 1534 2715 quo

230 2740 369 2796 dextram
391 2739 516 2795 involvit
540 2740 684 2795 sacerdos
708 2738 796 2794 Fidei
816 2756 928 2795 numen
955 2747 1154 2795 veneraturus
1179 2738 1258 2797 VIB
1274 2741 1303 2807 4,
1335 2739 1455 2813 insigne
1483 2749 1535 2799 est

229 2858 421 2897 nummorum
443 2840 695 2906 Tudertinorum,
728 2841 773 2896 sic
794 2847 862 2896 rota
885 2857 938 2896 sex
962 2847 1015 2896 aut
1039 2848 1183 2913 quattuor
1213 2841 1345 2897 tribusve
1368 2841 1463 2898 radiis
1486 2842 1535 2898 in·

230 2949 343 2998 structa
365 2942 396 2997 in
417 2940 518 2996 multis
539 2941 738 2997 Etruscorum
761 2948 855 3014 atque
876 2939 1059 2996 Vmbrorum
1089 2940 1220 2997 nummis
1243 2948 1338 3008 extat,
1370 2942 1468 2999 etiam
1500 2943 1534 3001 in

229 3042 327 3098 aereis
350 3041 555 3114 Iguvinorum,
578 3047 610 3096 et
632 3039 843 3096 Mommsenus
867 3040 899 3095 in
921 3039 1048 3096 historia
1070 3014 1364 3101 nummorum‘rom.
1385 3060 1416 3117 p.
1432 3044 1535 3104 2228.

230 3144 314 3218 quod
336 3142 468 3199 coniecit
488 3143 610 3216 signum
632 3141 708 3199 illud
729 3141 901 3216 profectum
923 3159 992 3198 esse
1015 3159 1033 3197 a
1054 3142 1198 3215 gentibus
1222 3141 1390 3199 foederatis
1408 3159 1535 3201 earum·

230 3261 290 3318 que
313 3262 393 3318 quae
417 3244 519 3319 capita
542 3243 664 3300 fuerunt
685 3243 824 3311 urbibus,
859 3243 892 3300 id
925 3243 1060 3317 perbene
1094 3243 1238 3300 convenit
1272 3261 1341 3300 cum
1362 3243 1391 3299 vi
1413 3261 1533 3303 arcana

230 3363 322 3419 quarn
339 3346 370 3401 in
392 3363 503 3402 manus
524 3354 644 3419 sumpta
666 3345 712 3402 his
736 3345 829 3402 sacris
852 3345 952 3402 orbita
974 3353 1121 3421 praestat.
1195 3339 1198 3344 ’

331 3448 370 3505 23
393 3446 463 3502 iuku
486 3464 555 3504 cum
577 3447 675 3520 possit
697 3445 856 3520 singularis
882 3448 998 3502 numeri
1021 3464 1090 3503 esse
1106 3456 1140 3503 ut
1163 3446 1253 3504 iocum
1276 3455 1328 3505 aut
1349 3446 1476 3523 pluralis
1500 3458 1537 3506 ut

231 3549 300 3622 ioca,
324 3548 471 3623 pluralem
492 3556 525 3604 ut
547 3554 681 3604 statuam
705 3566 767 3604 non
789 3555 854 3604 tam
876 3548 1003 3605 alterum
1027 3549 1199 3624 exemplum
1220 3566 1270 3606 me
1286 3547 1412 3605 adducit
1428 3546 1476 3605 ΠΙ
1493 3551 1536 3611 28

229 3649 298 3706 z'uka
322 3669 470 3716 mersuva,
501 3668 594 3726 quam
616 3650 804 3723 pronominis
828 3649 933 3719 forma,
967 3668 1038 3707 nam
1073 3657 1132 3706 estu
1166 3651 1249 3708 idem
1283 3649 1439 3723 estquod
1461 3650 1535 3730 mla,

188 3805 193 3819 ,
231 3752 311 3808 r‘stud
329 3751 434 3808 Vmbri
457 3758 509 3808 erte
533 3751 685 3810 dicebant.
739 3751 840 3808 Latini
873 3770 942 3808 cum
972 3753 1041 3809 ioca
1075 3752 1161 3809 simul
1195 3760 1227 3807 et
1260 3752 1345 3808 iocos
1380 3749 1535 3822 facerent,

230 3856 355 3928 quando
377 3856 460 3928 prius
483 3871 582 3929 genus
600 3853 829 3928 praeferebant,
854 3854 1005 3910 dictorum
1026 3854 1125 3927 magis
1141 3853 1299 3910 notionem
1311 3868 1406 3925 ,quam
1429 3851 1536 3910 hilari·

230 3957 301 4012 tatis
324 3955 544 4028 exprimebant.
591 3956 682 4011 verba
706 3971 785 4028 quae
808 3963 952 4011 secuntur
974 3972 1068 4028 prope
1090 3954 1221 4011 Saturnii
1252 3951 1393 4010 carminis
1416 3953 1536 4011 modos
1602 4002 1606 4007 .

228 4055 357 4130 implent
379 4064 613 4131 consonantque
633 4056 712 4112 inter
731 4073 764 4111 se
787 4056 849 4112 duo
874 4055 1010 4111 membra
1033 4055 1153 4111 eisdem
1177 4054 1297 4128 syllabis
1319 4051 1412 4111 finita.

331 4160 369 4216 27
392 4167 426 4214 ut
442 4156 560 4213 Rornae
584 4157 695 4212 diebus
718 4156 869 4213 intercisis
891 4150 976 4212 ‘cum
1000 4155 1101 4212 hostia
1117 4155 1264 4222 caeditur,
1288 4152 1343 4210 fari
1365 4150 1454 4210 netas
1471 4162 1534 4223 est,

229 4258 307 4314 inter
331 4277 423 4316 caesa
445 4268 477 4313 et
499 4265 640 4330 porrecta
663 4257 718 4315 fari
743 4258 821 4325 licet,
854 4274 957 4313 rursus
982 4274 1053 4313 curn
1079 4257 1221 4314 adoletur
1243 4273 1306 4312 non
1328 4247 1412 4311 licet'
1447 4254 1538 4328 (Ma-

230 4357 349 4415 crobius
372 4368 429 4417 sat.
452 4357 465 4412 l
490 4355 596 4426 16,3),
629 4359 671 4414 ita
695 4359 745 4432 qui
769 4375 855 4414 sacra
884 4357 962 4414 haec
998 4357 1071 4415 facit
1104 4358 1209 4414 medio
1239 4365 1377 4435 tempore
1409 4355 1537 4431 insigne

229 4459 357 4516 flaminis
379 4453 569 4535 ὠμοφόριον
592 4476 698 4514 umero
722 4459 898 4532 depositum
920 4459 1064 4515 conlocat
1086 4459 1117 4515 in
1139 4475 1246 4514 mensa
1269 4474 1366 4523 sacra,
1390 4456 1455 4513 sive
1477 4475 1539 4534 pa·

230 4559 317 4616 nicea
338 4578 376 4616 ea
400 4560 453 4617 luit
475 4560 530 4633 (ad
553 4558 595 4615 Vl
610 4560 636 4615 A
650 4561 688 4619 56
713 4579 741 4634 p.
758 4557 812 4633 60)
836 4559 898 4616 sive
922 4560 1034 4634 lignea.
1061 4559 1173 4617 Paulus
1190 4559 1272 4615 Festi
1287 4576 1316 4634 p.
1334 4559 1372 4616 77
1389 4574 1459 4615 cum
1475 4578 1536 4619 an·

230 4660 363 4717 clebrem
389 4679 526 4718 mensam
550 4678 619 4717 eam
644 4678 713 4718 esse
737 4662 889 4736 scripserit
914 4679 992 4737 quae
1022 4662 1053 4718 in
1082 4660 1283 4719 sacrificando
1307 4658 1353 4715 dis
1382 4659 1538 4735 anclatur,
